3059 4275
213 549 264 658 3⁶
590 547 941 627 HYMENAEus
1057 559 1311 648 [reapse.-

362 744 506 807 raevidere
527 759 559 807 et
581 743 739 826 providere
760 743 931 826 sapientem
954 744 1052 809 decet.

210 830 317 896 Panto.
340 766 479 896 ildoctus
500 852 580 914 saepe
603 845 741 894 metuere
763 829 866 895 didici.

339 917 391 981 sed
413 919 488 1002 quid
512 916 561 981 ille
583 916 711 981 eduxit?

212 1004 281 1071 Gor.
730 1004 867 1089 gladium
890 1003 1050 1070 Scaevolae.

212 1091 320 1157 Panto.
345 1091 379 1157 Ο
402 1114 497 1177 quam
519 1107 551 1155 te
573 1113 632 1176 ego
654 1092 755 1154 iunior
778 1093 906 1156 charum
929 1088 1044 1155 habui!

210 1178 294 1243 Arne.
342 1177 443 1261 Itane,
466 1177 680 1262 Pantomagei
709 1178 808 1242 telum
832 1194 897 1241 tam
920 1178 1016 1261 perite
1038 1178 1161 1243 versas?

211 1265 318 1330 Panto.
341 1265 430 1331 Nihil
453 1281 498 1330 est
521 1280 617 1349 praevt
640 1286 769 1348 possem,
792 1287 865 1329 cum
888 1266 1006 1329 iuvenis
1028 1265 1129 1330 adhuc
1152 1288 1260 1332 essem.

211 1352 294 1419 Ante.
340 1354 425 1418 Mihi
449 1352 499 1436 pol
523 1353 640 1416 iuvenis
661 1352 772 1416 videris
794 1368 825 1415 et
847 1351 936 1416 vultu
958 1368 990 1416 et
1013 1354 1132 1418 robore.

214 1440 280 1505 Got.
339 1440 383 1505 Et
405 1441 481 1503 mihi
504 1462 628 1523 quoque
650 1439 737 1503 fortis
761 1454 848 1524 tergo
870 1461 934 1502 non
957 1455 1091 1523 pectore.

212 1525 318 1593 Panto.
343 1527 467 1593 Omnes
489 1527 673 1590 defensionis
694 1527 813 1607 modos,
836 1527 997 1607 Amerina,
1019 1548 1181 1611 noveram,

342 1630 373 1678 et
396 1615 501 1678 caesim
524 1628 556 1676 et
578 1615 720 1697 punctim
743 1613 833 1677 ferire
855 1612 957 1677 didici.
1286 1643 1316 1693 45

212 1701 294 1765 Ame.
340 1699 417 1765 Satis
439 1716 495 1783 est,
518 1698 719 1785 Pantomage,
743 1700 804 1763 iam
827 1716 894 1764 tuas
915 1701 994 1765 vires
1016 1701 1116 1766 video.

212 1788 320 1854 Panto.
343 1790 409 1870 Ah,
431 1788 593 1869 Amerina,
616 1802 647 1851 et
670 1789 713 1873 hij
738 1788 801 1851 iam
823 1788 939 1851 mortui
961 1803 1044 1852 sunt.

214 1874 294 1941 Ame.
340 1874 428 1950 Quid
451 1873 589 1938 mortui?

213 1963 319 2028 Panto.
604 1976 692 2044 provt
714 1962 852 2042 fuerunt,
875 1983 945 2025 mea
966 1960 1139 2026 delicatula.

215 2051 282 2116 Got.
343 2048 399 2114 Pol
421 2049 529 2113 videtis
549 2071 644 2133 quam
668 2049 744 2111 nihil
767 2050 860 2131 possit
882 2049 983 2113 herus.

214 2140 321 2203 Panto.
344 2137 442 2201 Nunc
464 2134 588 2201 hercule
611 2139 737 2201 obsecro
759 2151 923 2220 postquam
939 2136 1040 2200 videas
1062 2139 1116 2221 qui
1140 2136 1228 2220 siem,
1287 2166 1317 2217 50

344 2240 377 2289 vt
400 2246 502 2288 meam
525 2246 649 2288 causam
671 2245 741 2309 agas
763 2224 846 2306 apud
867 2222 997 2307 Juliam.

214 2312 296 2378 Ame.
342 2310 483 2396 Spondeo
505 2333 557 2374 me
578 2310 820 2376 collaudaturam
842 2326 873 2375 te
895 2311 1067 2375 secundum
1088 2311 1219 2376 virtutes
1240 2328 1316 2375 tuas.

214 2400 320 2465 Panto.
344 2398 431 2464 Bene
454 2399 536 2480 facis,
560 2399 721 2478 Amerina,
745 2399 892 2462 referetur
913 2399 968 2460 tibi
990 2420 1009 2462 a
1030 2419 1082 2461 me
1104 2399 1211 2482 gratia.

344 2487 419 2570 quid
441 2485 550 2570 Juliai
579 2487 721 2569 nunquid
743 2485 844 2549 adhuc
866 2484 1007 2549 cubitum
1029 2484 1128 2571 abijti

214 2574 297 2640 Ame.
342 2572 418 2657 Jmo
441 2576 524 2638 intus
546 2573 647 2637 adhuc
668 2573 753 2637 sedet
775 2594 848 2635 cum
871 2569 1018 2637 Scaevola.
1088 2574 1090 2579 ’
1288 2600 1317 2652 55

215 2662 321 2727 Panto.
345 2661 448 2726 Saluta
470 2661 564 2745 igitur
585 2683 655 2726 eam
677 2682 749 2724 meo
771 2661 908 2741 nomine,

345 2763 377 2812 et
398 2748 448 2811 dic
471 2769 522 2812 me
543 2747 672 2811 osculari
695 2748 801 2810 locum
822 2747 873 2809 vbi
896 2745 1008 2810 sedeat.

217 2836 282 2900 Gor.
343 2833 457 2898 Unum
480 2836 605 2897 obsecro
627 2834 704 2898 adde
725 2857 796 2898 mea
817 2834 923 2921 gratia.

214 2921 321 2987 Panto.
344 2921 418 3005 quid
442 2919 528 3002 illud,
551 2918 711 2985 Gothrioi

217 3010 284 3073 Gor.
678 3023 709 3073 et
725 3024 841 3090 partem
858 3009 933 3071 item
948 3029 1029 3090 eam,
1042 3029 1105 3091 qua
1118 3028 1193 3071 cum
1208 3009 1320 3072 sedeat.

215 3095 321 3160 Panto.
345 3093 435 3159 Itane
457 3094 593 3177 tandem,
616 3096 759 3159 verberea
781 3096 902 3159 statua?
1288 3109 1321 3162 60

344 3182 500 3246 adesdum.

216 3269 284 3334 Gor.
518 3267 596 3331 Non
619 3269 743 3333 hercule
766 3270 823 3332 nisi
846 3270 1006 3353 ignoveris.

214 3356 322 3421 Panto.
345 3354 401 3419 Pol
424 3356 456 3418 ni
481 3355 564 3418 illam
587 3378 722 3419 amarem
744 3357 845 3437 vnice,

345 3464 507 3526 nunquam
530 3465 587 3526 ego
610 3444 669 3506 hoc
692 3443 746 3506 tibi
769 3442 867 3505 scelus
890 3444 1090 3530 ignoscerem.

346 3531 407 3594 iam
430 3552 501 3594 vero
524 3531 588 3594 eius
609 3551 699 3594 causa
721 3529 786 3592 fero
808 3531 934 3611 aequius.
