3059 4275
589 516 940 596 HYMENAEUS
1055 529 1155 614 [Aer.
1175 549 1204 613 1,
1220 531 1268 597 Sc.
1284 536 1316 595 2⁸

340 734 418 775 num
440 712 496 775 tibi
520 726 643 795 gratum
666 711 791 776 fecero?

798 801 873 863 mihi
896 800 1113 887 gratissimum,
1284 830 1315 879 5⁰

339 884 392 949 sed
415 886 517 949 omnis
540 887 664 949 interim
688 887 807 971 ingrata
829 910 925 952 mora.

271 1021 278 1037 .
340 972 387 1035 At
409 973 617 1036 festinandum
640 973 733 1037 lente.

727 1060 817 1135 Quin
840 1084 927 1124 mora
948 1061 1000 1125 dat
1022 1060 1206 1144 periculum.

209 1144 279 1235 Jul.
338 1145 409 1210 Imo
432 1147 579 1211 festinans
601 1148 685 1211 canis
709 1170 810 1212 caecos
832 1149 909 1231 parit
931 1148 1060 1214 catulos.

273 1280 281 1297 .
342 1233 429 1308 Quid
452 1257 526 1319 rogo
548 1234 677 1299 suades?

671 1321 849 1387 Ferendum
872 1337 903 1386 et
925 1323 1119 1405 sperandum.

273 1456 281 1473 .
340 1407 488 1491 Jucunda
510 1432 577 1493 spes
600 1411 650 1473 sed
674 1410 787 1473 durum
810 1411 928 1477 ferre.¹
1287 1440 1316 1491 5⁵

209 1493 241 1584 J
272 1543 280 1561 .
341 1495 374 1561 O
398 1519 487 1579 erras,
511 1498 587 1560 ferre
611 1496 676 1560 leve
698 1498 749 1561 sed
773 1498 873 1560 forsan
897 1498 1028 1579 perferre
1049 1519 1151 1583 grave.

274 1631 282 1647 .
343 1582 429 1666 Esto,
452 1585 576 1667 quando
599 1606 650 1646 me
672 1584 800 1647 consilio
822 1606 952 1667 superas,

343 1671 404 1734 iam
427 1693 494 1734 mos
516 1685 638 1754 geratur
660 1672 727 1752 tibi,
752 1672 874 1753 parebo,
897 1672 993 1753 patiar

342 1757 417 1820 dum
440 1757 538 1839 potiar
560 1757 664 1838 modo,
687 1759 807 1841 quidvis
828 1757 899 1821 volo
922 1758 1047 1841 perpeti.
1073 1758 1194 1843 [Sannio
1209 1760 1317 1825 intrat.

211 1841 281 1932 Jul.
340 1843 487 1927 Erophile
503 1845 557 1924 mi,
573 1867 637 1907 non
653 1859 689 1908 tu
703 1846 770 1926 scis,
785 1868 881 1929 quam
896 1845 979 1908 cordi
995 1847 1105 1909 charus
1119 1847 1158 1910 sis
1173 1869 1255 1929 meo,
1285 1862 1319 1914 6ο

342 1953 401 1995 nec
423 1953 498 2015 quas
519 1932 596 1994 mihi
619 1947 704 2014 pater
728 1948 812 2014 parat
835 1931 997 2015 molestiae,

342 2018 417 2083 dum
441 2019 517 2081 mihi
540 2041 659 2082 amores
683 2019 838 2083 interdicit
860 2034 938 2101 tuos,

341 2106 393 2170 sed
416 2106 521 2170 seram.
567 2106 630 2170 dies
651 2106 745 2187 dabit,
768 2107 851 2191 quod
874 2107 937 2170 dies
958 2121 1062 2194 negat.

275 2241 283 2259 .
343 2193 377 2260 Ο
401 2195 519 2257 factum
542 2195 628 2258 bene.
675 2195 736 2258 iam
759 2209 844 2277 pater
865 2210 936 2258 tuus
960 2194 1010 2257 hic
1033 2195 1104 2258 faxo
1125 2196 1233 2260 aderit.

212 2279 281 2370 Jul.
341 2280 483 2363 Interim,
507 2281 666 2366 Erophile,
689 2298 721 2345 te
743 2284 880 2344 obtestor
901 2297 995 2365 atque
1017 2283 1152 2364 obsecro,
1284 2298 1318 2363 65

342 2384 377 2432 vt
399 2392 450 2433 me
472 2371 650 2454 famamque
672 2392 774 2433 meam
798 2370 853 2432 tibi
877 2369 1000 2432 charam
1024 2370 1144 2433 habeas.

276 2506 284 2524 .
344 2456 496 2521 Futuram
520 2460 586 2522 iuro
608 2458 671 2522 vita
693 2457 863 2520 chariorem
887 2478 965 2520 mea.

212 2543 283 2634 Jul.
342 2543 414 2627 Jam
438 2567 490 2609 me
512 2562 634 2629 tempus
656 2560 701 2608 est
724 2544 859 2625 introire,
883 2541 1040 2626 Erophile,
1062 2543 1138 2608 vale.

276 2681 283 2697 .
344 2633 390 2695 At
411 2632 435 2695 si
459 2654 599 2695 maneres
618 2631 752 2694 valerem
775 2630 915 2713 amplius.

344 2718 401 2783 Sed
424 2740 569 2801 crepuere
591 2741 609 2780 a
630 2718 716 2780 vobis
737 2717 826 2780 fores.
873 2718 935 2781 heu
957 2739 1050 2781 senex
1072 2719 1237 2805 egreditur,
1287 2747 1321 2800 70

344 2828 407 2869 non
431 2826 485 2887 par
507 2821 552 2869 est
575 2826 646 2868 eum
670 2805 775 2887 fugere
792 2804 851 2891 'qui
875 2804 952 2867 nibil
975 2806 1173 2870 commiserit.

342 2892 400 2956 Tu
423 2893 505 2955 bono
527 2892 633 2955 animo
655 2891 703 2973 sis,
727 2892 804 2954 mihi
828 2892 967 2975 relinque
989 2907 1111 2959 caetera

498 3066 667 3141 Acrus
699 3090 729 3138 1.
783 3066 949 3139 scENn
976 3079 1023 3162 32.

503 3204 671 3289 Aptara..
720 3201 824 3292 Jurra.
870 3202 1034 3288 amphias.

215 3330 301 3416 Alph.
346 3329 411 3394 Ubi
428 3343 500 3391 sunt
517 3327 559 3390 illi
575 3348 652 3410 quos
668 3347 762 3408 prope
779 3326 829 3386 hic
845 3324 1056 3410 colloquentes
1072 3327 1148 3391 vidit
1163 3326 1303 3392 Sannio?

343 3434 436 3501 atque
458 3436 578 3496 eccum,
594 3412 695 3477 adibo.
742 3410 860 3476 Salvete
880 3412 1060 3496 plurimum,
1076 3414 1219 3498 nunquid
1236 3416 1323 3480 vobis

344 3520 380 3571 tu
392 3526 463 3568 vero
479 3501 618 3585 inprimis
634 3500 716 3581 facis,
725 3515 758 3561 vt
769 3500 895 3581 probam
908 3500 1007 3581 decet,
1016 3500 1118 3585 Julia?
1141 3501 1323 3586 [molestusl
