3059 4275
205 536 288 600 ier.
309 554 337 617 1,
353 533 401 599 sc.
418 535 466 620 φ]
584 481 934 602 nmmos

339 721 476 804 “Apage
497 743 561 783 non
585 721 683 802 decet,
706 742 771 783 non
795 721 852 782 isto
875 720 935 782 hoc
958 717 1012 783 fiet
1034 716 1160 783 modo.'’

207 810 296 873 Cam.
336 807 479 882 Quodsi
502 823 534 871 te
555 808 617 871 suis
640 808 799 870 interdixit
822 806 950 889 aedibus,

338 909 370 958 at
391 896 475 958 vives
497 910 603 957 tamen
628 894 670 957 illi
693 917 787 978 quam
811 891 876 957 fieri
902 908 1002 975 potest
1025 915 1128 977 prope.
1283 920 1315 956 ro

344 980 434 1045 Pater
457 982 530 1045 hinc
553 1003 641 1044 meus
662 982 746 1044 abest
768 1002 892 1067 peregre
914 980 1043 1061 Lucius,

341 1085 373 1132 et
394 1091 445 1131 me
468 1069 628 1132 custodem
652 1069 735 1131 hisce
758 1067 882 1151 reliquit
905 1068 1031 1148 aedibus,

341 1156 420 1238 apud
444 1178 494 1219 me
516 1156 623 1220 victita
645 1155 793 1238 quamdiu
815 1155 954 1218 volueris.

208 1244 282 1307 Era.
342 1244 387 1305 At
410 1264 562 1326 nusquam
585 1244 665 1324 vivo,
687 1242 744 1305 nisi
769 1244 829 1323 bic,
853 1241 997 1323 Camille,
1020 1242 1101 1305 vivo.

208 1332 323 1395 Panto.
345 1328 432 1403 Quid
455 1345 491 1392 tu
513 1332 582 1409 hoc,
605 1331 687 1411 here,
712 1330 773 1392 iam
795 1330 873 1392 serio
896 1328 1001 1391 doles?
1284 1357 1315 1406 ²⁵

342 1439 382 1480 an
405 1415 513 1480 nullibi
537 1432 743 1499 praeterquam
768 1417 799 1478 in
822 1416 975 1498 Alphonsi
999 1414 1117 1478 aedibus
1138 1412 1273 1477 vivitur?

342 1504 461 1586 quidsi
485 1502 560 1583 sole,
584 1526 662 1584 aere,
685 1525 775 1586 aqua,
799 1504 879 1589 igne,
904 1503 999 1585 patria

344 1591 539 1653 interdiceret
561 1591 627 1671 tibi,
650 1591 723 1673 quid
747 1606 816 1654 tum
840 1588 977 1652 faceres?

210 1678 284 1741 Ero.
343 1675 477 1741 Mallem
498 1677 567 1740 haee
589 1679 704 1741 omnia.
751 1678 812 1740 iam
835 1677 945 1740 carebo
966 1678 1072 1759 patria,

345 1766 506 1827 extrahas
529 1764 610 1827 aedes
632 1765 808 1847 vbicunque
830 1764 957 1827 demum
980 1764 1094 1827 vixero.

211 1853 326 1916 Panto.
346 1849 466 1914 Siccine
487 1874 612 1933 operam
636 1852 687 1915 das
709 1850 933 1934 philosophiae?

344 1941 382 2001 sit
404 1960 476 2021 ergo
499 1938 554 2001 tibi
577 1940 683 2021 patria,
707 1938 882 2021 vbicunque
905 1953 950 2001 est
972 1938 1060 2001 bene.

212 2026 285 2090 Ero.
346 2024 431 2112 Ergo
453 2026 529 2087 mihi
553 2024 638 2088 nulla
660 2026 728 2104 erit,
752 2026 803 2089 cui
825 2026 938 2108 vbique
960 2025 1019 2088 erit
1041 2023 1132 2087 male.

213 2114 328 2178 Panto.
346 2113 391 2176 At
414 2113 572 2196 quomodo
593 2128 679 2176 extra
701 2114 756 2176 has
779 2112 860 2177 aedes
881 2134 949 2176 aere

346 2201 470 2281 carebis,
492 2222 555 2283 quo
577 2200 642 2263 sine
665 2202 774 2283 nequis
796 2199 918 2263 vivere?

214 2287 287 2352 Ero.
349 2289 468 2350 Anima
489 2309 553 2350 non
576 2288 704 2369 animat,
727 2289 784 2350 nisi
807 2288 857 2350 vbi
880 2302 976 2364 amat,
1002 2285 1159 2349 Pantaleo.

214 2376 329 2439 Panta.
346 2374 392 2437 Vt
413 2396 501 2437 suam
524 2374 615 2437 herus
637 2375 727 2438 docte
749 2375 886 2437 defendit
909 2371 1093 2437 mollitiem!

214 2460 287 2525 Ero.
347 2459 436 2524 Itane
458 2460 608 2524 tandem?
639 2463 768 2524 verbum
791 2463 814 2524 si
838 2461 1034 2524 addideris—

215 2549 329 2612 Panta.
350 2547 434 2610 Hem
457 2546 528 2610 illoc
549 2548 642 2610 verbo
665 2570 727 2611 esse
747 2571 800 2611 me
821 2571 943 2613 servum
965 2549 1038 2627 scio,

348 2634 399 2697 sed
421 2634 495 2717 quid
519 2635 671 2700 Camillus
693 2636 918 2719 cogitabundus
939 2634 1101 2699 constitit?

218 2723 305 2786 Cam.
349 2720 485 2804 Nequeo
508 2723 610 2784 mirari
632 2723 713 2803 satis,
736 2745 791 2785 cur
814 2724 873 2785 hoc
896 2723 1076 2807 Alphonsus
1098 2723 1215 2804 fecerit,

348 2809 404 2872 nisi
426 2824 461 2871 vt
483 2810 583 2871 tenaci
606 2825 651 2872 est
674 2827 705 2872 et
728 2811 805 2872 duro
828 2810 963 2893 ingenio,

348 2894 447 2958 locare
468 2895 586 2979 Juliam
608 2898 693 2980 cupit
716 2895 908 2982 Pantomago
930 2897 1061 2979 medico,

347 2983 397 3044 cui
421 2999 531 3065 praeter
552 3005 624 3065 opes
645 3006 664 3046 a
686 3000 771 3066 patre
794 2983 913 3047 relictas
934 3006 1000 3065 suo,

350 3069 498 3133 doctrinae
522 3092 562 3132 ne
585 3071 666 3134 mica
687 3086 743 3152 est,
767 3094 825 3135 nec
847 3071 924 3133 adeo
946 3071 1073 3157 ingenij.

351 3155 433 3220 Rem
457 3171 543 3221 tenes
565 3158 671 3240 ipsam,
695 3158 738 3221 sic
761 3172 806 3221 est
828 3173 862 3220 vt
884 3180 995 3222 narras.

353 3243 402 3308 Sic
424 3265 550 3306 mecum
573 3244 772 3327 Alphonsum
793 3267 893 3328 nuper
914 3245 1055 3308 locutum
1078 3245 1217 3308 memini.

351 3329 476 3393 Nostin'
500 3331 601 3414 inquit
623 3331 851 3416 Pantomagum
874 3331 1054 3394 medicum?

352 3417 417 3480 imo
439 3417 633 3500 Empiricum
656 3419 825 3501 (inquam),
848 3441 942 3482 nemo
963 3420 1082 3482 melius.

352 3506 425 3568 hem
447 3506 578 3589 (inquit)
600 3527 656 3568 cur
678 3507 763 3569 hunc
785 3506 982 3588 Empiricum
1004 3503 1170 3568 nominas?
