3059 4275
215 568 479 657 laesas]
596 562 945 642 HYMENAEUS
1066 598 1069 603 ·
1273 585 1325 668 57

216 842 284 909 Fer.

349 758 432 823 dabit
455 760 505 823 hic
527 759 619 823 credo
641 760 696 823 tibi
720 759 849 841 malum,
871 761 895 823 si
917 760 1015 823 adeas·

346 845 436 920 Quin
459 869 531 911 ecce
553 870 627 911 cum
649 846 710 911 alio
732 846 961 930 colloquentem
983 846 1083 926 video,
1295 872 1323 923 15

347 934 420 997 huic
442 933 519 997 nihil
541 948 644 1015 nocet,
666 934 719 1017 qui
743 933 867 997 nocebit
890 932 992 996 mihi?

215 1015 330 1082 Panto.
345 1018 404 1084 Tu
425 1020 506 1084 solus
526 1022 586 1103 adi,
608 1042 667 1105 ego
689 1020 781 1105 longe
805 1021 973 1103 inspexero,

214 1189 283 1255 Fer.

214 1275 303 1360 Alph.

214 1362 283 1429 Fer.

215 1449 286 1517 Ero.

214 1625 282 1691 Fer.

346 1107 370 1170 si
392 1109 478 1172 vobis
500 1109 578 1172 bene
600 1109 668 1189 erit,
690 1130 748 1191 ego
769 1109 944 1191 subsequar.

343 1194 503 1258 Adeamus
525 1195 582 1281 dijs
604 1195 752 1280 propitijs‚
775 1194 946 1278 Alphonse,
968 1196 991 1258 si
1015 1194 1125 1277 placet.

346 1280 539 1346 Comitabor.

467 1418 469 1422 a
485 1368 632 1450 Salutem,
647 1369 694 1431 vir
708 1390 841 1449 summe,
857 1368 911 1431 tibi
928 1368 1094 1452 plurimam
1110 1368 1263 1450 impertio.
1290 1395 1323 1432 20

347 1453 380 1520 O
404 1455 609 1539 multiplicem
632 1456 796 1536 miseriam,
818 1478 858 1519 an
883 1478 940 1539 ego
961 1454 1193 1518 Ferdinandum
1212 1451 1322 1518 video?

345 1556 376 1605 et
398 1543 471 1605 vitae
494 1543 589 1606 taedet
611 1557 642 1606 et
665 1558 847 1625 conspectus
868 1543 933 1605 eius
955 1543 1059 1625 pudet.

343 1627 500 1713 Erophile,
523 1651 563 1693 ne
585 1628 708 1712 pudeat,
730 1652 789 1713 ego
811 1644 842 1692 te
864 1630 970 1693 vivum
992 1629 1094 1693 videre
1116 1628 1245 1713 gaudeo,

346 1731 506 1781 mortuum
525 1732 555 1780 te
574 1716 770 1797 credidimus,
785 1738 822 1779 eo
838 1717 931 1780 funus
946 1717 1007 1780 huc
1023 1731 1113 1780 tuum
1133 1715 1322 1780 celebratum

1155 1804 1322 1887 [venimus.

346 1890 397 1953 sed
420 1891 569 1974 quidnam
592 1891 642 1954 hic
666 1912 753 1954 meus
775 1890 932 1954 commisit
955 1890 1048 1953 modo
1070 1888 1174 1955 filius?
1291 1916 1321 1967 ²5

290 2022 298 2039 .
345 1977 471 2041 Audies.
518 1979 598 2041 fures
620 1993 712 2041 nocte
735 1977 810 2040 dum
833 2000 940 2061 quaero
962 1979 1112 2060 proxima,

347 2065 378 2126 in
401 2086 508 2128 eorum
531 2063 669 2128 conclavi
692 2065 786 2127 istum
809 2064 1074 2148 deprehendimus

318 2191 320 2194 -
346 2152 401 2238 Hij
425 2153 561 2216 occisum
584 2174 636 2216 eos
657 2150 745 2215 illum
768 2153 884 2215 venisse
905 2167 1050 2236 arguunt,

344 2255 376 2303 et
397 2261 468 2324 quae
493 2255 561 2302 tum
584 2240 738 2302 habebant
760 2254 935 2322 surreptum
957 2240 1048 2302 bona.

344 2325 401 2390 Ille
423 2349 479 2409 pro
500 2349 531 2390 se
554 2348 674 2409 prorsus
696 2325 858 2408 respondet
880 2325 968 2407 nihil,

344 2428 378 2476 vt
400 2415 432 2476 ni
455 2414 510 2477 sibi
534 2414 627 2496 probe
650 2428 801 2496 cauteque
823 2428 938 2494 caveat,

344 2522 417 2564 eum
441 2501 522 2564 intra
543 2500 681 2564 triduum
704 2500 810 2582 capitis
832 2522 925 2582 poena
946 2515 1080 2562 maneat.

274 2635 282 2652 .
343 2586 430 2661 Quid
453 2587 513 2650 hoc
535 2602 590 2667 est,
614 2585 771 2669 Erophile,
794 2586 877 2670 quod
900 2586 938 2649 de
960 2602 991 2649 te
1013 2584 1128 2649 audio?

344 2675 418 2758 quid
441 2689 476 2737 tu
499 2675 530 2737 in
553 2673 659 2738 alienis
680 2675 847 2757 quaerebas,
869 2673 1005 2756 demens,
1029 2671 1168 2737 aedibus?

344 2784 384 2826 an
407 2762 449 2825 ita
471 2777 501 2824 te
524 2762 615 2825 habui
639 2783 729 2844 parce
751 2777 782 2824 et
805 2761 931 2842 duriter,
1285 2789 1316 2840 35

343 2864 377 2912 vt
399 2849 454 2912 tibi
477 2847 584 2912 alienis
605 2870 682 2930 opus
703 2863 781 2912 esset
804 2847 914 2911 bonis?

938 2956 1012 2998 non.

341 3022 429 3097 Quid
452 3024 611 3106 quaerebas
632 3020 728 3106 ergo?

748 3107 848 3172 Nihil.

341 3196 422 3271 Quis
444 3212 475 3260 te
497 3197 530 3264 in
554 3198 623 3260 istas
645 3197 812 3259 intromisit
835 3194 938 3259 aedes?

952 3282 1069 3346 Nemo.

340 3370 435 3435 Vnde
456 3370 565 3434 venisti
589 3392 661 3433 cum
684 3370 723 3434 ad
745 3391 795 3434 eas
817 3369 976 3433 accederes
987 3368 1026 3519 lN

1028 3477 1119 3520 escro.

269 3594 301 3612 .-
338 3545 406 3614 Cur
427 3546 470 3610 sic
493 3545 655 3628 respondes
677 3541 779 3607 mihi?
