3059 4275
176 545 260 610 Aer.
275 564 308 627 4,
321 543 370 609 Sc.
388 544 437 630 5⁸]
552 535 902 615 HYMENAEUS

176 731 243 797 Θαΐ.
1004 747 1135 795 certum.
1269 761 1283 812 5

175 817 282 882 Ραααΐα.
305 817 398 882 Tum
421 818 530 880 formae
554 840 644 881 causa
666 838 717 880 me
740 816 885 881 mulieres
907 817 1086 899 depereunt.

180 906 249 969 Θαΐ.
1113 907 1235 971 certius.

176 991 283 1057 Panto.
308 990 423 1055 Tertio
445 1005 564 1053 naturae
589 990 709 1054 bonitas
730 1012 782 1053 me
804 992 949 1055 omnibus
970 992 1098 1055 charum
1122 993 1262 1059 reddidit.

179 1078 246 1143 Θαΐ.
1069 1082 1283 1145 certissimum.

177 1166 285 1229 Panto.
310 1165 435 1239 Quarto
457 1187 507 1227 me
530 1163 613 1248 Julia
634 1186 737 1227 amare
760 1165 878 1247 incipit.

179 1253 246 1316 Θαΐ.
307 1250 454 1316 Laudum
476 1273 600 1316 suarum
623 1273 786 1335 nunquam
809 1249 905 1315 finem
929 1252 1029 1317 faciet.
1076 1252 1207 1318 Verum.

177 1340 286 1403 Panto.
311 1338 471 1403 Postremo
494 1337 660 1421 Erophilus
681 1360 766 1421 spem
789 1360 917 1402 omnem
940 1339 1080 1421 perdidit.

179 1426 247 1492 Θαΐ.
1090 1430 1200 1492 verius.
1257 1459 1287 1495 ro

178 1514 286 1577 Panto.
310 1512 434 1576 Vltimo
457 1535 508 1577 me
529 1528 563 1576 vt
586 1510 687 1576 filium
709 1513 890 1595 Alphonsus
911 1512 1019 1601 diligit.

180 1601 249 1664 Θαΐ.
1031 1603 1233 1667 verissimum.

179 1685 287 1751 Ρααΐΐα.
311 1686 459 1771 Denique
481 1702 606 1772 egomet
627 1686 708 1751 solus
730 1688 828 1770 potiar
849 1686 942 1772 julia.

181 1774 248 1839 Θαΐ.
309 1773 457 1858 Denique
479 1796 538 1859 ego
560 1797 623 1837 non
647 1775 755 1855 habe0,
778 1775 862 1859 quod
886 1774 1096 1859 respondeam.

312 1863 383 1927 Nat
405 1888 463 1927 τον
484 1866 646 1927 Απαλλω.

178 1949 287 2012 Panto.
658 1949 733 2032 quid
754 1949 865 2030 aiebas,
888 1948 1048 2015 Gothrio?

181 2035 249 2101 Θαΐ.
310 2033 465 2100 Graecum
487 2050 543 2117 est,
567 2036 651 2117 here,
673 2034 751 2098 nihil
774 2037 811 2099 ad
835 2052 865 2099 te
887 2040 1009 2102 attinet.
1256 2067 1285 2117 15

179 2122 286 2187 Panto.
312 2118 345 2186 Ο
368 2146 507 2210 graecum
530 2145 680 2207 graecum,
703 2125 782 2187 bene
805 2140 860 2206 est,
884 2121 1033 2210 intelligo,
1057 2126 1205 2212 intelligo.

181 2211 249 2274 Θαΐ.
311 2210 345 2276 O
369 2209 446 2273 nihil
469 2210 598 2289 faciliuS,
621 2211 695 2290 scio,
717 2212 790 2274 scio.

179 2297 288 2360 Panto.
312 2295 458 2380 Censen’,
483 2295 629 2378 Gothrio,
652 2320 702 2360 me
726 2299 898 2380 potiturum
921 2300 1028 2384 Julia?

181 2385 250 2448 Θαΐ.
312 2383 434 2448 Censeo
456 2400 487 2447 et
510 2407 564 2448 cur
587 2407 697 2448 censeo
719 2383 826 2448 afferre
849 2410 930 2471 queo
953 2389 1094 2451 rationes.

179 2472 287 2536 Panto.
310 2470 422 2534 Itane?
453 2472 584 2535 rationes
607 2494 709 2534 rerum
734 2473 875 2556 didicisti,
898 2471 1058 2538 Gothrio?
1256 2508 1289 2544 αο

312 2574 429 2622 astutus
447 2559 498 2620 hic
515 2559 641 2642 quidem
658 2558 773 2622 nebulo
790 2575 846 2640 est,
865 2576 896 2623 et
915 2562 1091 2644 ingeniosus
1108 2561 1287 2647 admodum,

313 2660 425 2727 praeter
446 2646 523 2708 servi
546 2646 769 2727 conditionem,
793 2649 853 2709 mei
877 2648 1014 2711 similior.

312 2733 434 2813 venisis,
457 2729 605 2814 Gothrio,
627 2734 687 2815 abi,
710 2733 838 2797 callidus
859 2758 900 2798 es.

182 2821 251 2884 Θαΐ.
312 2818 368 2882 Vis
390 2821 481 2902 potiri
503 2819 609 2904 Julia?

180 2907 288 2971 Ρααιΐα.
630 2907 710 2971 νοῙο.

181 2994 251 3059 Θαΐ.
731 2993 796 3059 fiet.

179 3081 287 3144 Panto.
817 3082 998 3166 quomodo?

182 3169 250 3232 Θαΐ.
311 3166 491 3248 Rationem,
513 3169 596 3250 here,
618 3169 674 3232 tibi
698 3169 857 3232 bicornem
879 3168 1015 3234 afferam.

179 3255 287 3318 Panto.
1016 3282 1071 3343 age
1095 3260 1198 3324 modo.
1255 3291 1286 3341 25

180 3341 250 3407 Θαΐ.
311 3340 416 3405 Primo
430 3357 465 3404 vt
480 3364 576 3425 equus
591 3344 729 3426 quamvis
741 3343 839 3425 ferox,
850 3344 873 3406 si
886 3345 914 3406 ei
926 3345 1076 3410 hordeum
1088 3349 1287 3430 subtrahitur,

313 3444 444 3513 cogente
468 3429 549 3492 fame
572 3429 619 3492 vel
643 3430 764 3493 foenum
787 3445 873 3494 vorat
896 3433 993 3514 avide,

313 3516 355 3578 ita
377 3531 408 3578 et
429 3513 524 3598 Julia,
548 3539 622 3581 cum
645 3515 831 3599 Erophilum
853 3518 1029 3601 perdiderit,

252 3645 286 3687 M.
300 3643 323 3688 S.
