3059 4275
591 509 940 590 HYMENAEus
1056 521 1294 608 [Ampor

336 722 406 771 tum
420 720 583 789 properato
597 728 674 788 opus
688 720 745 786 est,
757 706 819 769 iam
834 704 971 787 lucescit,
983 707 1095 789 nequis
1105 728 1164 771 nos
1176 722 1301 792 sequanu

265 927 273 944 .
337 879 471 960 Eccum,
494 878 639 965 Bargule‚
661 880 781 962 cistam,
804 881 836 942 in
863 902 932 943 eam
958 901 1087 964 propere
1114 902 1176 945 con
1179 796 1307 946 ι[είαωιυ

337 989 357 1030 o
379 967 463 1031 furto
484 984 570 1050 parta
590 982 716 1054 gustum
738 988 832 1051 quam
855 988 979 1031 suavem
1003 965 1139 1032 habent!
1179 904 1308 1054 ldomnia.

278 1100 286 1117 .
340 1052 569 1137 suavissimum,
592 1054 686 1117 modo
708 1054 786 1117 absit
808 1052 1044 1118 condimentum
1067 1077 1149 1120 acre.

265 1187 273 1205 .
340 1141 459 1206 Cistam
484 1140 627 1205 tollamus
649 1156 680 1204 et
702 1141 900 1204 abscedamus
921 1142 993 1204 cito.

278 1274 286 1291 .
342 1228 414 1312 Jam
430 1228 467 1291 ad
482 1230 628 1311 cauponis
643 1227 725 1290 aedes
739 1229 931 1308 accessimus,
943 1249 1118 1310 cauponem
1134 1230 1313 1311 excitemus,

338 1314 538 1397 ponderosam
561 1315 738 1378 mehercule
759 1316 894 1398 praedam
917 1316 998 1379 nacti
1022 1337 1142 1379 sumus.
1286 1347 1314 1382 ιο

265 1448 273 1465 .
341 1401 461 1485 Caupo,
483 1425 582 1489 surge,
604 1402 696 1484 aperi

677 1488 759 1562 Quis
782 1511 866 1553 meas
887 1504 952 1551 tam
975 1510 1067 1552 mane
1089 1489 1192 1572 pultat
1214 1488 1314 1555 fores?

277 1621 285 1639 .
340 1574 465 1639 Patroni
488 1577 545 1657 tui,
567 1597 655 1662 surge
678 1577 805 1660 inquam
827 1592 858 1639 et
881 1577 972 1659 aperi

279 1708 287 1726 .
342 1664 426 1726 Hem
442 1684 647 1747 congerrones
661 1662 848 1746 lepidissimi,
864 1685 941 1726 num
963 1664 1098 1746 praedam
1119 1666 1204 1729 nacti
1224 1662 1315 1729 estis?

277 1796 285 1813 .
340 1748 502 1832 Opimam.

528 1859 564 1899 ea
585 1836 702 1900 alendae
724 1836 872 1901 conducit
895 1837 1030 1920 familiae,

339 1925 416 1987 mihi
441 1925 472 1987 in
495 1926 553 1987 hac
575 1923 677 2007 praeda
699 1946 766 2006 pars
789 1926 889 1987 inerit.
1285 1952 1314 2004 15

278 2056 286 2073 .
341 2011 384 2075 Et
406 2013 437 2074 in
460 2010 623 2094 suspendio
646 2012 732 2111 item,
754 2012 779 2073 si
802 2011 876 2094 quid
898 2011 1073 2095 contigerit.

339 2098 400 2162 iam
424 2121 489 2180 nos,
512 2120 622 2181 caupo,
644 2098 747 2163 statim
771 2097 939 2162 dormitum
964 2100 1085 2181 ibimus,

339 2186 441 2268 praeda
463 2185 624 2267 dividetur,
646 2187 696 2248 vbi
720 2184 922 2272 vigilabimus.

279 2318 287 2335 .
343 2272 386 2336 Hi
409 2287 481 2337 sunt
503 2274 556 2357 qui
580 2288 717 2336 nostram
739 2287 838 2336 artem
861 2271 1054 2356 suffulciunt,

338 2382 454 2444 nosque
476 2361 523 2424 his
544 2361 675 2424 vicissim
698 2360 848 2423 tradimus
869 2381 974 2442 operas
995 2321 1128 2424 mdtuas

340 2448 505 2532 Hospes'
481 2470 505 2511 s1
528 2448 677 2532 quispiam
700 2449 779 2510 bene
801 2462 980 2512 nummatus
1001 2447 1134 2526 advolet,

340 2537 440 2620 rogito
462 2558 523 2620 qua
544 2537 594 2598 via
616 2536 673 2598 iter
695 2535 797 2615 faciat,
819 2556 896 2618 quos
919 2534 1028 2598 habeat
1050 2535 1190 2598 comites.

340 2624 363 2685 si
386 2639 538 2705 oportune
561 2643 607 2685 res
629 2622 717 2684 nobis
738 2622 893 2703 ceciderit,

341 2711 479 2773 immitto
501 2731 592 2772 canes
614 2709 670 2771 hos
692 2730 812 2792 sagaces
834 2710 1000 2789 venaticos,

340 2798 392 2880 qui
415 2798 438 2860 si
462 2798 526 2859 eius
548 2797 675 2879 vestigia
697 2795 882 2877 invenerint,

340 2906 412 2947 eum
436 2883 529 2946 odore
552 2897 616 2946 tam
640 2898 865 2966 persequuntur
886 2884 1007 2965 acriter,

340 2986 373 3033 vt
397 2972 453 3033 nisi
477 2970 580 3052 praeda
600 2986 690 3051 capta
711 2992 872 3053 nunquam
896 2969 1031 3033 redeant.

342 3057 398 3122 Est
420 3057 496 3121 adeo
519 3059 551 3120 in
574 3058 631 3120 hac
654 3058 777 3120 civitate
799 3058 952 3140 quoddam
976 3078 1073 3140 genus
1095 3056 1259 3120 hominum

342 3146 551 3227 imperiosum,
573 3144 749 3226 superbum,
772 3159 928 3227 argutum,
950 3145 1162 3227 sophisticum,

341 3253 416 3315 quos
437 3253 500 3294 vno
520 3232 614 3295 verbo
636 3230 787 3294 scholares
808 3232 982 3294 nominant.

340 3318 378 3383 In
401 3340 509 3381 eorum
532 3339 709 3401 quenquam
733 3319 758 3380 si
782 3339 901 3400 possem
924 3318 1068 3399 incidere,

341 3422 374 3469 vt
397 3427 482 3468 meos
504 3407 536 3468 in
560 3404 647 3467 illum
670 3403 788 3468 catulos
811 3403 1033 3469 immitterem!

342 3494 409 3557 Nos
431 3493 518 3556 enim
540 3491 696 3574 oppidani,
718 3490 771 3574 qui
795 3488 957 3554 Patavium
981 3492 1154 3576 incolimus,
