3059 4275
190 559 448 648 Aer.4,Sc.2·]
605 552 956 632 HYMENAEus
1241 574 1289 651 41

188 743 301 810 Panto.
318 745 506 831 Vbicunque
529 746 665 829 tandem,
687 746 783 830 Julia,
805 761 956 810 terrarum
979 747 1095 828 vixero,

321 834 433 897 amoris
455 835 487 897 in
510 835 620 897 herum
643 836 689 897 tui
712 850 743 899 et
766 832 989 897 munificentiae
1011 834 1194 897 meminero
1265 858 1297 911 7⁰

187 917 270 983 Ame.
317 919 375 984 Sed
397 943 602 1004 properemus,
624 922 708 1002 hera,
731 943 818 984 mora
840 922 934 983 trahit
956 918 1138 1003 periculum.

188 1003 259 1094 Jul.
319 1006 465 1090 Erophile
487 1008 570 1072 cordi
593 1008 751 1092 quondam
774 1009 950 1071 charissime
972 1029 1056 1087 meo,

320 1094 407 1157 cuius
429 1096 526 1158 amori
549 1094 651 1158 nullus
673 1095 817 1158 succedet
839 1116 936 1174 amor,

319 1181 469 1265 paulisper
490 1181 568 1263 vale,
590 1205 648 1269 ego
670 1198 701 1245 te
716 1182 806 1245 brevi
828 1203 947 1265 sequar,

318 1267 369 1331 sed
392 1269 424 1331 in
447 1267 577 1353 longum
599 1268 678 1348 vale,
701 1290 788 1332 mora
810 1270 908 1332 brevis
929 1268 1021 1354 longa
1043 1267 1132 1348 mihi,
1264 1294 1293 1347 75

320 1355 384 1418 imo
407 1370 561 1419 aeternum
583 1355 661 1435 vale,
683 1377 844 1439 nunquam
868 1372 899 1419 te
922 1378 1023 1418 rursus
1043 1353 1157 1417 videro.

188 1439 304 1506 Panto.
322 1440 355 1507 O
380 1442 545 1506 infaelicem
567 1444 641 1507 casti
664 1444 776 1506 amoris
796 1440 939 1505 exitum!

318 1530 431 1593 siccine
454 1532 608 1593 munerari
631 1546 728 1593 castos
750 1552 869 1592 amores
890 1528 1000 1592 decet?

318 1617 393 1700 quid
414 1638 466 1679 me
489 1618 550 1679 iam
573 1639 626 1700 par
648 1633 693 1680 est
715 1618 909 1699 potissimum
934 1614 1055 1680 facere?

319 1704 381 1767 Hic
404 1704 427 1767 si
450 1702 669 1786 deprehendar,
692 1702 786 1767 caedis
808 1726 875 1766 reus
898 1725 1016 1788 arguar,

319 1811 377 1854 nec
399 1791 463 1854 scio
484 1805 590 1854 tamen
612 1813 675 1875 quo
698 1792 789 1854 herus
811 1790 905 1854 modo
927 1792 1059 1873 perierit.

317 1876 390 1960 Jam
412 1898 470 1961 ego
491 1899 544 1941 me
566 1879 728 1941 confestim
751 1878 910 1940 conferam
934 1877 1091 1957 Venetias,

317 1964 355 2027 ad
378 1964 610 2028 Ferdinandum
632 1987 737 2028 senem
760 1965 826 2027 heri
850 1981 968 2047 patrem
990 1966 1062 2027 mei.

318 2050 360 2114 illi
384 2053 443 2114 hoc
466 2053 550 2115 triste
573 2053 740 2135 apportabo
762 2052 921 2133 nuntium,

318 2140 383 2202 eius
405 2155 566 2203 mortuum
589 2163 651 2204 esse
673 2139 773 2203 lilium
798 2137 992 2222 Erophilum.
1263 2152 1293 2214 85

317 2226 364 2288 At
386 2248 450 2310 quo
472 2226 566 2290 modo
588 2250 651 2311 quo
672 2249 745 2290 casu
767 2226 845 2289 nihil
869 2228 980 2289 referre
1003 2241 1118 2307 potero.

211 2375 216 2382 ,
318 2312 376 2377 Sed
398 2315 467 2396 quis
490 2315 540 2376 hic
562 2336 656 2377 sonus
677 2330 722 2377 est
745 2335 840 2397 quern
862 2314 954 2376 audio

317 2400 376 2464 hoc
399 2399 522 2464 noctis?
559 2423 622 2464 non
646 2400 754 2484 placet,
777 2399 896 2487 gaudeo
919 2401 1071 2486 introijsse
1092 2397 1220 2483 Juliam.

319 2509 376 2574 ego
399 2488 484 2573 fugio
506 2487 543 2550 ad
567 2505 692 2571 portum
715 2489 773 2551 hac
797 2489 948 2570 proxime,

318 2575 368 2637 vbi
391 2574 526 2658 aliquem
550 2577 696 2638 invenero
718 2577 771 2659 qui
796 2574 944 2638 Venetias
966 2574 1099 2660 naviget.
1263 2601 1296 2652 90

480 2797 649 2870 ncrus
676 2826 711 2889 4.
767 2799 933 2871 scnnn
961 2819 995 2870 2.

468 2962 626 3045 Bargulus.
673 2964 854 3047 Clopetarus.
901 2964 1011 3046 Caupo.

256 3136 265 3154 .
320 3090 467 3174 Nunquis
488 3091 540 3154 hic
562 3091 632 3155 esti

643 3200 738 3242 nemo
760 3194 815 3242 est.

840 3267 975 3349 nunquis
997 3286 1053 3328 nos
1075 3264 1237 3348 sequitur?

317 3349 426 3415 Nemo
449 3354 544 3416 homo
565 3353 713 3436 sequitur.

616 3440 752 3522 pulchre,
769 3439 946 3521 Clopetare,
961 3438 1106 3506 successit
1121 3438 1293 3521 negotium.

318 3524 376 3590 Sed
398 3548 455 3590 nos
477 3527 544 3590 haec
566 3529 626 3591 isto
648 3542 768 3610 portare
790 3525 884 3590 modo
906 3523 1141 3588 incommodum
1163 3537 1219 3604 est,
