<?xml version="1.0" encoding="UTF-8"?>
<!DOCTYPE html PUBLIC "-//W3C//DTD XHTML 1.0 Transitional//EN"
    "http://www.w3.org/TR/xhtml1/DTD/xhtml1-transitional.dtd">
<html xmlns="http://www.w3.org/1999/xhtml" xml:lang="en" lang="en">
 <head>
  <title>
</title>
<meta http-equiv="Content-Type" content="text/html;charset=utf-8" />
  <meta name='ocr-system' content='tesseract 3.04.00' />
  <meta name='ocr-capabilities' content='ocr_page ocr_carea ocr_par ocr_line ocrx_word'/>
</head>
<body>
  <div class='ocr_page' id='page_1' title='image "./hymenusacomedya00smitgoog_0081.png"; bbox 0 0 3059 4275; ppageno 0'>
   <div class='ocr_carea' id='block_1_1' title="bbox 202 531 1306 624">
    <p class='ocr_par' dir='ltr' id='par_1_1' title="bbox 202 531 1306 624">
     <span class='ocr_line' id='line_1_1' title="bbox 202 531 1306 624; baseline 0.008 -23"><span class='ocrx_word' id='word_1_1' title='bbox 202 536 285 601; x_wconf 65' lang='lat' dir='ltr'>ner.</span> <span class='ocrx_word' id='word_1_2' title='bbox 302 536 463 624; x_wconf 50' lang='lat' dir='ltr'>,sen-1</span> <span class='ocrx_word' id='word_1_3' title='bbox 580 531 929 610; x_wconf 80' lang='lat' dir='ltr'>HYMENAEUS</span> <span class='ocrx_word' id='word_1_4' title='bbox 1259 531 1306 609; x_wconf 89' lang='lat'>61</span> 
     </span>
    </p>
   </div>
   <div class='ocr_carea' id='block_1_2' title="bbox 200 721 286 960">
    <p class='ocr_par' dir='ltr' id='par_1_2' title="bbox 200 721 286 960">
     <span class='ocr_line' id='line_1_2' title="bbox 200 721 285 787; baseline 0.012 -2"><span class='ocrx_word' id='word_1_5' title='bbox 200 721 285 787; x_wconf 76' lang='lat' dir='ltr'>Dure.</span> 
     </span>
     <span class='ocr_line' id='line_1_3' title="bbox 202 809 270 873; baseline 0.029 -2"><span class='ocrx_word' id='word_1_6' title='bbox 202 809 270 873; x_wconf 83' lang='lat' dir='ltr'>Fer.</span> 
     </span>
     <span class='ocr_line' id='line_1_4' title="bbox 201 895 286 960; baseline 0.024 -2"><span class='ocrx_word' id='word_1_7' title='bbox 201 895 286 960; x_wconf 80' lang='lat' dir='ltr'>Duu.</span> 
     </span>
    </p>
   </div>
   <div class='ocr_carea' id='block_1_3' title="bbox 333 721 1311 1485">
    <p class='ocr_par' dir='ltr' id='par_1_3' title="bbox 335 721 1078 808">
     <span class='ocr_line' id='line_1_5' title="bbox 335 721 1078 808; baseline 0.003 -22"><span class='ocrx_word' id='word_1_8' title='bbox 335 721 378 787; x_wconf 83' lang='lat' dir='ltr'>Et</span> <span class='ocrx_word' id='word_1_9' title='bbox 400 723 489 786; x_wconf 92' lang='lat' dir='ltr'>illum</span> <span class='ocrx_word' id='word_1_10' title='bbox 512 725 544 786; x_wconf 93' lang='lat' dir='ltr'>in</span> <span class='ocrx_word' id='word_1_11' title='bbox 568 725 648 787; x_wconf 88' lang='lat' dir='ltr'>hanc</span> <span class='ocrx_word' id='word_1_12' title='bbox 671 748 733 788; x_wconf 89' lang='lat' dir='ltr'>esse</span> <span class='ocrx_word' id='word_1_13' title='bbox 755 725 865 788; x_wconf 86' lang='lat' dir='ltr'>cistam</span> <span class='ocrx_word' id='word_1_14' title='bbox 888 725 1078 808; x_wconf 86' lang='lat' dir='ltr'>impositum.</span> 
     </span>
    </p>

    <p class='ocr_par' dir='ltr' id='par_1_4' title="bbox 333 811 1311 1485">
     <span class='ocr_line' id='line_1_6' title="bbox 1092 811 1236 876; baseline 0.014 -2"><span class='ocrx_word' id='word_1_15' title='bbox 1092 811 1236 876; x_wconf 87' lang='lat' dir='ltr'><strong>maxime.</strong></span> 
     </span>
     <span class='ocr_line' id='line_1_7' title="bbox 334 897 1209 983; baseline 0.003 -24"><span class='ocrx_word' id='word_1_16' title='bbox 334 897 427 960; x_wconf 89' lang='lat' dir='ltr'>Hanc</span> <span class='ocrx_word' id='word_1_17' title='bbox 449 911 507 981; x_wconf 86' lang='lat' dir='ltr'>ego</span> <span class='ocrx_word' id='word_1_18' title='bbox 529 900 648 980; x_wconf 86' lang='lat' dir='ltr'>cistam,</span> <span class='ocrx_word' id='word_1_19' title='bbox 671 899 746 962; x_wconf 94' lang='lat' dir='ltr'>dum</span> <span class='ocrx_word' id='word_1_20' title='bbox 769 914 938 962; x_wconf 90' lang='lat' dir='ltr'>nocturnos</span> <span class='ocrx_word' id='word_1_21' title='bbox 961 900 1043 963; x_wconf 87' lang='lat' dir='ltr'>fures</span> <span class='ocrx_word' id='word_1_22' title='bbox 1064 900 1209 983; x_wconf 82' lang='lat' dir='ltr'>quaerito,</span> 
     </span>
     <span class='ocr_line' id='line_1_8' title="bbox 333 983 938 1067; baseline 0.007 -22"><span class='ocrx_word' id='word_1_23' title='bbox 333 983 366 1046; x_wconf 91' lang='lat' dir='ltr'>in</span> <span class='ocrx_word' id='word_1_24' title='bbox 388 985 534 1067; x_wconf 84' lang='lat' dir='ltr'><strong>cauponis</strong></span> <span class='ocrx_word' id='word_1_25' title='bbox 557 986 641 1049; x_wconf 89' lang='lat' dir='ltr'>istius</span> <span class='ocrx_word' id='word_1_26' title='bbox 664 985 782 1049; x_wconf 86' lang='lat' dir='ltr'>aedibus</span> <span class='ocrx_word' id='word_1_27' title='bbox 805 987 938 1049; x_wconf 92' lang='lat' dir='ltr'>invenio.</span> 
     </span>
     <span class='ocr_line' id='line_1_9' title="bbox 335 1072 1311 1155; baseline 0.007 -22"><span class='ocrx_word' id='word_1_28' title='bbox 335 1092 409 1155; x_wconf 87' lang='lat' dir='ltr'>rogo</span> <span class='ocrx_word' id='word_1_29' title='bbox 431 1072 512 1135; x_wconf 89' lang='lat' dir='ltr'>vnde</span> <span class='ocrx_word' id='word_1_30' title='bbox 534 1073 678 1154; x_wconf 89' lang='lat' dir='ltr'>habeant,</span> <span class='ocrx_word' id='word_1_31' title='bbox 701 1074 731 1136; x_wconf 95' lang='lat' dir='ltr'>id</span> <span class='ocrx_word' id='word_1_32' title='bbox 754 1074 831 1135; x_wconf 93' lang='lat' dir='ltr'>item</span> <span class='ocrx_word' id='word_1_33' title='bbox 855 1074 991 1136; x_wconf 87' lang='lat' dir='ltr'>fatentur</span> <span class='ocrx_word' id='word_1_34' title='bbox 1013 1073 1101 1155; x_wconf 90' lang='lat' dir='ltr'>mihi,</span> <span class='ocrx_word' id='word_1_35' title='bbox 1265 1104 1311 1153; x_wconf 86' lang='lat'>130</span> 
     </span>
     <span class='ocr_line' id='line_1_10' title="bbox 334 1158 1310 1245; baseline 0.004 -24"><span class='ocrx_word' id='word_1_36' title='bbox 334 1180 365 1221; x_wconf 91' lang='lat' dir='ltr'>se</span> <span class='ocrx_word' id='word_1_37' title='bbox 379 1181 398 1222; x_wconf 90' lang='lat' dir='ltr'>a</span> <span class='ocrx_word' id='word_1_38' title='bbox 413 1158 528 1222; x_wconf 90' lang='lat' dir='ltr'>foribus</span> <span class='ocrx_word' id='word_1_39' title='bbox 543 1175 709 1242; x_wconf 86' lang='lat' dir='ltr'>asportasse</span> <span class='ocrx_word' id='word_1_40' title='bbox 725 1159 829 1245; x_wconf 90' lang='lat' dir='ltr'>Lucij,</span> <span class='ocrx_word' id='word_1_41' title='bbox 840 1175 872 1223; x_wconf 93' lang='lat' dir='ltr'>et</span> <span class='ocrx_word' id='word_1_42' title='bbox 883 1160 966 1243; x_wconf 93' lang='lat' dir='ltr'>quod</span> <span class='ocrx_word' id='word_1_43' title='bbox 977 1162 1134 1242; x_wconf 88' lang='lat' dir='ltr'>portandis</span> <span class='ocrx_word' id='word_1_44' title='bbox 1145 1161 1310 1243; x_wconf 84' lang='lat' dir='ltr'>mercibus,</span> 
     </span>
     <span class='ocr_line' id='line_1_11' title="bbox 334 1243 1023 1329; baseline 0.001 -20"><span class='ocrx_word' id='word_1_45' title='bbox 334 1266 409 1329; x_wconf 89' lang='lat' dir='ltr'>quas</span> <span class='ocrx_word' id='word_1_46' title='bbox 431 1243 570 1309; x_wconf 86' lang='lat' dir='ltr'>suffurati</span> <span class='ocrx_word' id='word_1_47' title='bbox 593 1261 702 1328; x_wconf 86' lang='lat' dir='ltr'>essent,</span> <span class='ocrx_word' id='word_1_48' title='bbox 725 1246 879 1310; x_wconf 90' lang='lat' dir='ltr'>videretur</span> <span class='ocrx_word' id='word_1_49' title='bbox 903 1246 1023 1327; x_wconf 87' lang='lat' dir='ltr'>idonea,</span> 
     </span>
     <span class='ocr_line' id='line_1_12' title="bbox 335 1334 1097 1419; baseline 0.003 -24"><span class='ocrx_word' id='word_1_50' title='bbox 335 1355 465 1396; x_wconf 87' lang='lat' dir='ltr'>vacuam</span> <span class='ocrx_word' id='word_1_51' title='bbox 487 1356 550 1397; x_wconf 89' lang='lat' dir='ltr'>csse</span> <span class='ocrx_word' id='word_1_52' title='bbox 573 1334 629 1396; x_wconf 88' lang='lat' dir='ltr'>rati</span> <span class='ocrx_word' id='word_1_53' title='bbox 652 1356 770 1397; x_wconf 88' lang='lat' dir='ltr'>merces</span> <span class='ocrx_word' id='word_1_54' title='bbox 792 1334 938 1419; x_wconf 86' lang='lat' dir='ltr'>inijciunt</span> <span class='ocrx_word' id='word_1_55' title='bbox 960 1356 1097 1416; x_wconf 89' lang='lat' dir='ltr'>propere,</span> 
     </span>
     <span class='ocr_line' id='line_1_13' title="bbox 334 1420 1033 1485; baseline 0.001 -3"><span class='ocrx_word' id='word_1_56' title='bbox 334 1433 366 1482; x_wconf 89' lang='lat' dir='ltr'>et</span> <span class='ocrx_word' id='word_1_57' title='bbox 387 1441 492 1483; x_wconf 90' lang='lat' dir='ltr'>secum</span> <span class='ocrx_word' id='word_1_58' title='bbox 515 1421 548 1482; x_wconf 90' lang='lat' dir='ltr'>in</span> <span class='ocrx_word' id='word_1_59' title='bbox 569 1442 661 1483; x_wconf 86' lang='lat' dir='ltr'>suum</span> <span class='ocrx_word' id='word_1_60' title='bbox 683 1420 863 1485; x_wconf 87' lang='lat' dir='ltr'>cubiculum</span> <span class='ocrx_word' id='word_1_61' title='bbox 885 1422 1033 1484; x_wconf 92' lang='lat' dir='ltr'>avehunt.</span> 
     </span>
    </p>
   </div>
   <div class='ocr_carea' id='block_1_4' title="bbox 263 1502 1310 1677">
    <p class='ocr_par' dir='ltr' id='par_1_5' title="bbox 263 1502 1310 1677">
     <span class='ocr_line' id='line_1_14' title="bbox 263 1502 1310 1592; baseline 0.004 -22"><span class='ocrx_word' id='word_1_62' title='bbox 263 1552 273 1570; x_wconf 85' lang='lat'><strong>.</strong></span> <span class='ocrx_word' id='word_1_63' title='bbox 335 1502 404 1592; x_wconf 91' lang='lat' dir='ltr'>Dij,</span> <span class='ocrx_word' id='word_1_64' title='bbox 427 1528 478 1571; x_wconf 90' lang='lat' dir='ltr'>me</span> <span class='ocrx_word' id='word_1_65' title='bbox 499 1508 632 1571; x_wconf 88' lang='lat' dir='ltr'>servatis.</span> <span class='ocrx_word' id='word_1_66' title='bbox 677 1508 751 1591; x_wconf 93' lang='lat' dir='ltr'>quid</span> <span class='ocrx_word' id='word_1_67' title='bbox 774 1530 832 1592; x_wconf 86' lang='lat' dir='ltr'>ego</span> <span class='ocrx_word' id='word_1_68' title='bbox 853 1506 969 1571; x_wconf 83' lang='lat' dir='ltr'>audio?</span> <span class='ocrx_word' id='word_1_69' title='bbox 1131 1524 1133 1527; x_wconf 54' lang='lat'><strong>⁴</strong></span> <span class='ocrx_word' id='word_1_70' title='bbox 1265 1536 1310 1588; x_wconf 78' lang='lat'>¹35</span> 
     </span>
     <span class='ocr_line' id='line_1_15' title="bbox 278 1592 1105 1677; baseline 0.002 -20"><span class='ocrx_word' id='word_1_71' title='bbox 278 1638 287 1657; x_wconf 88' lang='lat'>.</span> <span class='ocrx_word' id='word_1_72' title='bbox 335 1592 374 1656; x_wconf 92' lang='lat' dir='ltr'>In</span> <span class='ocrx_word' id='word_1_73' title='bbox 397 1594 509 1657; x_wconf 89' lang='lat' dir='ltr'>horum</span> <span class='ocrx_word' id='word_1_74' title='bbox 532 1593 675 1658; x_wconf 89' lang='lat' dir='ltr'>cubiculo</span> <span class='ocrx_word' id='word_1_75' title='bbox 698 1595 841 1657; x_wconf 91' lang='lat' dir='ltr'>inventus</span> <span class='ocrx_word' id='word_1_76' title='bbox 863 1610 908 1657; x_wconf 91' lang='lat' dir='ltr'>est</span> <span class='ocrx_word' id='word_1_77' title='bbox 930 1593 1105 1677; x_wconf 88' lang='lat' dir='ltr'>Erophilus,</span> 
     </span>
    </p>
   </div>
   <div class='ocr_carea' id='block_1_5' title="bbox 111 2340 272 2442">
    <p class='ocr_par' dir='ltr' id='par_1_6' title="bbox 111 2340 272 2442">
     <span class='ocr_line' id='line_1_16' title="bbox 111 2340 272 2442; baseline 0.006 -1"><span class='ocrx_word' id='word_1_78' title='bbox 111 2340 128 2413; x_wconf 40' lang='lat'>3⁸·</span> <span class='ocrx_word' id='word_1_79' title='bbox 201 2374 272 2442; x_wconf 78' lang='lat' dir='ltr'>Fer.</span> 
     </span>
    </p>
   </div>
   <div class='ocr_carea' id='block_1_6' title="bbox 332 1681 1311 2549">
    <p class='ocr_par' dir='ltr' id='par_1_7' title="bbox 335 1681 1067 1767">
     <span class='ocr_line' id='line_1_17' title="bbox 335 1681 1067 1767; baseline 0.004 -24"><span class='ocrx_word' id='word_1_80' title='bbox 335 1694 426 1744; x_wconf 89' lang='lat' dir='ltr'>etex</span> <span class='ocrx_word' id='word_1_81' title='bbox 450 1681 507 1744; x_wconf 91' lang='lat' dir='ltr'>hac</span> <span class='ocrx_word' id='word_1_82' title='bbox 530 1682 605 1744; x_wconf 90' lang='lat' dir='ltr'>cista</span> <span class='ocrx_word' id='word_1_83' title='bbox 626 1681 735 1767; x_wconf 86' lang='lat' dir='ltr'>exiiijt,</span> <span class='ocrx_word' id='word_1_84' title='bbox 758 1698 792 1745; x_wconf 91' lang='lat' dir='ltr'>vt</span> <span class='ocrx_word' id='word_1_85' title='bbox 815 1681 858 1744; x_wconf 91' lang='lat' dir='ltr'>illi</span> <span class='ocrx_word' id='word_1_86' title='bbox 882 1697 1067 1764; x_wconf 89' lang='lat' dir='ltr'>memorant,</span> 
     </span>
    </p>

    <p class='ocr_par' dir='ltr' id='par_1_8' title="bbox 336 1766 1154 1853">
     <span class='ocr_line' id='line_1_18' title="bbox 336 1766 1154 1853; baseline 0.006 -24"><span class='ocrx_word' id='word_1_87' title='bbox 336 1766 378 1829; x_wconf 91' lang='lat' dir='ltr'>illi</span> <span class='ocrx_word' id='word_1_88' title='bbox 402 1789 434 1830; x_wconf 89' lang='lat' dir='ltr'>re</span> <span class='ocrx_word' id='word_1_89' title='bbox 456 1768 556 1832; x_wconf 91' lang='lat' dir='ltr'>subita</span> <span class='ocrx_word' id='word_1_90' title='bbox 577 1770 714 1831; x_wconf 89' lang='lat' dir='ltr'>exterriti</span> <span class='ocrx_word' id='word_1_91' title='bbox 737 1785 879 1853; x_wconf 88' lang='lat' dir='ltr'>surgunt,</span> <span class='ocrx_word' id='word_1_92' title='bbox 901 1769 1154 1852; x_wconf 88' lang='lat' dir='ltr'>circumcursant,</span> 
     </span>
    </p>

    <p class='ocr_par' dir='ltr' id='par_1_9' title="bbox 334 1856 779 1938">
     <span class='ocr_line' id='line_1_19' title="bbox 334 1856 779 1938; baseline 0.002 -20"><span class='ocrx_word' id='word_1_93' title='bbox 334 1876 407 1918; x_wconf 91' lang='lat' dir='ltr'>eum</span> <span class='ocrx_word' id='word_1_94' title='bbox 429 1856 561 1937; x_wconf 91' lang='lat' dir='ltr'>cupiunt</span> <span class='ocrx_word' id='word_1_95' title='bbox 582 1856 779 1938; x_wconf 88' lang='lat' dir='ltr'>prehendere.</span> 
     </span>
    </p>

    <p class='ocr_par' dir='ltr' id='par_1_10' title="bbox 335 1940 1311 2113">
     <span class='ocr_line' id='line_1_20' title="bbox 335 1940 1311 2025; baseline 0.007 -22"><span class='ocrx_word' id='word_1_96' title='bbox 335 1940 442 2025; x_wconf 88' lang='lat' dir='ltr'>ingens</span> <span class='ocrx_word' id='word_1_97' title='bbox 464 1942 515 2005; x_wconf 93' lang='lat' dir='ltr'>hic</span> <span class='ocrx_word' id='word_1_98' title='bbox 530 1944 627 2005; x_wconf 92' lang='lat' dir='ltr'>oritur</span> <span class='ocrx_word' id='word_1_99' title='bbox 648 1942 765 2006; x_wconf 87' lang='lat' dir='ltr'>clamor</span> <span class='ocrx_word' id='word_1_100' title='bbox 789 1944 820 2006; x_wconf 93' lang='lat' dir='ltr'>in</span> <span class='ocrx_word' id='word_1_101' title='bbox 845 1943 973 2023; x_wconf 87' lang='lat' dir='ltr'>aedibus,</span> <span class='ocrx_word' id='word_1_102' title='bbox 1264 1975 1311 2023; x_wconf 86' lang='lat'>140</span> 
     </span>
     <span class='ocr_line' id='line_1_21' title="bbox 335 2027 1076 2113; baseline 0.007 -24"><span class='ocrx_word' id='word_1_103' title='bbox 335 2027 377 2090; x_wconf 91' lang='lat' dir='ltr'>illi</span> <span class='ocrx_word' id='word_1_104' title='bbox 400 2045 579 2112; x_wconf 89' lang='lat' dir='ltr'>erumpunt,</span> <span class='ocrx_word' id='word_1_105' title='bbox 603 2051 659 2093; x_wconf 88' lang='lat' dir='ltr'>nos</span> <span class='ocrx_word' id='word_1_106' title='bbox 680 2052 789 2093; x_wconf 91' lang='lat' dir='ltr'>omnes</span> <span class='ocrx_word' id='word_1_107' title='bbox 810 2030 1076 2113; x_wconf 85' lang='lat' dir='ltr'>apprehendimus.</span> 
     </span>
    </p>

    <p class='ocr_par' dir='ltr' id='par_1_11' title="bbox 332 2114 1040 2202">
     <span class='ocr_line' id='line_1_22' title="bbox 332 2114 1040 2202; baseline 0.006 -24"><span class='ocrx_word' id='word_1_108' title='bbox 332 2114 405 2199; x_wconf 83' lang='lat' dir='ltr'>Jam</span> <span class='ocrx_word' id='word_1_109' title='bbox 428 2139 493 2179; x_wconf 92' lang='lat' dir='ltr'>rem</span> <span class='ocrx_word' id='word_1_110' title='bbox 516 2139 642 2180; x_wconf 91' lang='lat' dir='ltr'>omnem</span> <span class='ocrx_word' id='word_1_111' title='bbox 666 2133 803 2199; x_wconf 88' lang='lat' dir='ltr'>apertam</span> <span class='ocrx_word' id='word_1_112' title='bbox 826 2141 889 2182; x_wconf 92' lang='lat' dir='ltr'>esse</span> <span class='ocrx_word' id='word_1_113' title='bbox 911 2117 1040 2202; x_wconf 88' lang='lat' dir='ltr'>gaudeo,</span> 
     </span>
    </p>

    <p class='ocr_par' dir='ltr' id='par_1_12' title="bbox 334 2204 925 2287">
     <span class='ocr_line' id='line_1_23' title="bbox 334 2204 925 2287; baseline 0.002 -20"><span class='ocrx_word' id='word_1_114' title='bbox 334 2217 366 2267; x_wconf 92' lang='lat' dir='ltr'>et</span> <span class='ocrx_word' id='word_1_115' title='bbox 386 2205 460 2287; x_wconf 88' lang='lat' dir='ltr'>quia</span> <span class='ocrx_word' id='word_1_116' title='bbox 482 2204 608 2267; x_wconf 91' lang='lat' dir='ltr'>idoneos</span> <span class='ocrx_word' id='word_1_117' title='bbox 630 2206 680 2267; x_wconf 92' lang='lat' dir='ltr'>hic</span> <span class='ocrx_word' id='word_1_118' title='bbox 704 2220 795 2268; x_wconf 91' lang='lat' dir='ltr'>testes</span> <span class='ocrx_word' id='word_1_119' title='bbox 818 2206 925 2286; x_wconf 91' lang='lat' dir='ltr'>habeo,</span> 
     </span>
    </p>

    <p class='ocr_par' dir='ltr' id='par_1_13' title="bbox 334 2288 1048 2373">
     <span class='ocr_line' id='line_1_24' title="bbox 334 2288 1048 2373; baseline 0.006 -21"><span class='ocrx_word' id='word_1_120' title='bbox 334 2288 393 2353; x_wconf 91' lang='lat' dir='ltr'>illis</span> <span class='ocrx_word' id='word_1_121' title='bbox 414 2292 615 2373; x_wconf 80' lang='lat' dir='ltr'>praesentibus</span> <span class='ocrx_word' id='word_1_122' title='bbox 636 2306 727 2354; x_wconf 93' lang='lat' dir='ltr'>tuum</span> <span class='ocrx_word' id='word_1_123' title='bbox 750 2294 807 2355; x_wconf 94' lang='lat' dir='ltr'>tibi</span> <span class='ocrx_word' id='word_1_124' title='bbox 830 2292 917 2356; x_wconf 90' lang='lat' dir='ltr'>trado</span> <span class='ocrx_word' id='word_1_125' title='bbox 939 2290 1048 2357; x_wconf 87' lang='lat' dir='ltr'>filium.</span> 
     </span>
    </p>

    <p class='ocr_par' dir='ltr' id='par_1_14' title="bbox 333 2377 1310 2549">
     <span class='ocr_line' id='line_1_25' title="bbox 333 2377 1310 2461; baseline 0.006 -22"><span class='ocrx_word' id='word_1_126' title='bbox 333 2377 465 2460; x_wconf 89' lang='lat' dir='ltr'>Accipio</span> <span class='ocrx_word' id='word_1_127' title='bbox 488 2379 617 2441; x_wconf 87' lang='lat' dir='ltr'>charum</span> <span class='ocrx_word' id='word_1_128' title='bbox 640 2401 754 2442; x_wconf 92' lang='lat' dir='ltr'>munus</span> <span class='ocrx_word' id='word_1_129' title='bbox 776 2402 794 2442; x_wconf 88' lang='lat' dir='ltr'>a</span> <span class='ocrx_word' id='word_1_130' title='bbox 816 2381 908 2442; x_wconf 87' lang='lat' dir='ltr'>chara</span> <span class='ocrx_word' id='word_1_131' title='bbox 930 2402 1035 2461; x_wconf 92' lang='lat' dir='ltr'>manu,</span> <span class='ocrx_word' id='word_1_132' title='bbox 1265 2409 1310 2460; x_wconf 80' lang='lat'>145</span> 
     </span>
     <span class='ocr_line' id='line_1_26' title="bbox 333 2465 1153 2549; baseline 0.005 -21"><span class='ocrx_word' id='word_1_133' title='bbox 333 2480 365 2528; x_wconf 92' lang='lat' dir='ltr'>et</span> <span class='ocrx_word' id='word_1_134' title='bbox 387 2486 438 2526; x_wconf 90' lang='lat' dir='ltr'>me</span> <span class='ocrx_word' id='word_1_135' title='bbox 460 2465 535 2528; x_wconf 91' lang='lat' dir='ltr'>dum</span> <span class='ocrx_word' id='word_1_136' title='bbox 557 2467 628 2528; x_wconf 91' lang='lat' dir='ltr'>vivo</span> <span class='ocrx_word' id='word_1_137' title='bbox 650 2488 822 2529; x_wconf 87' lang='lat' dir='ltr'>memorem</span> <span class='ocrx_word' id='word_1_138' title='bbox 845 2468 986 2529; x_wconf 88' lang='lat' dir='ltr'>futurum</span> <span class='ocrx_word' id='word_1_139' title='bbox 1008 2467 1153 2549; x_wconf 87' lang='lat' dir='ltr'>spondeo.</span> 
     </span>
    </p>
   </div>
   <div class='ocr_carea' id='block_1_7' title="bbox 143 2548 1070 2727">
    <p class='ocr_par' dir='ltr' id='par_1_15' title="bbox 108 2544 1070 2727">
     <span class='ocr_line' id='line_1_27' title="bbox 201 2548 1070 2636; baseline -0.002 -17.193"><span class='ocrx_word' id='word_1_140' title='bbox 201 2548 286 2616; x_wconf 77' lang='lat' dir='ltr'>Dure.</span> <span class='ocrx_word' id='word_1_141' title='bbox 334 2551 419 2635; x_wconf 87' lang='lat' dir='ltr'>Jam,</span> <span class='ocrx_word' id='word_1_142' title='bbox 443 2551 646 2634; x_wconf 85' lang='lat' dir='ltr'>Ferdinande,</span> <span class='ocrx_word' id='word_1_143' title='bbox 670 2568 777 2636; x_wconf 88' lang='lat' dir='ltr'>tuque,</span> <span class='ocrx_word' id='word_1_144' title='bbox 802 2553 971 2636; x_wconf 84' lang='lat' dir='ltr'>Alphonse,</span> <span class='ocrx_word' id='word_1_145' title='bbox 994 2554 1070 2617; x_wconf 89' lang='lat' dir='ltr'>vale.</span> 
     </span>
     <span class='ocr_line' id='line_1_28' title="bbox 143 2636 1017 2727; baseline 0.002 -25"><span class='ocrx_word' id='word_1_146' title='bbox 143 2720 148 2727; x_wconf 93' lang='lat'>.</span> <span class='ocrx_word' id='word_1_147' title='bbox 201 2636 272 2703; x_wconf 81' lang='lat' dir='ltr'>Fer.</span> <span class='ocrx_word' id='word_1_148' title='bbox 287 2636 417 2722; x_wconf 74' lang='lat' dir='ltr'>ctAlph.</span> <span class='ocrx_word' id='word_1_149' title='bbox 446 2637 489 2703; x_wconf 83' lang='lat' dir='ltr'>Et</span> <span class='ocrx_word' id='word_1_150' title='bbox 511 2640 567 2702; x_wconf 92' lang='lat' dir='ltr'>tibi</span> <span class='ocrx_word' id='word_1_151' title='bbox 591 2639 632 2726; x_wconf 85' lang='lat' dir='ltr'>dij</span> <span class='ocrx_word' id='word_1_152' title='bbox 656 2640 718 2703; x_wconf 92' lang='lat' dir='ltr'>sint</span> <span class='ocrx_word' id='word_1_153' title='bbox 740 2662 860 2723; x_wconf 89' lang='lat' dir='ltr'>semper</span> <span class='ocrx_word' id='word_1_154' title='bbox 882 2641 1017 2727; x_wconf 85' lang='lat' dir='ltr'>propitij.</span> 
     </span>
    </p>
   </div>
   <div class='ocr_carea' id='block_1_8' title="bbox 201 3064 293 3150">
    <p class='ocr_par' dir='ltr' id='par_1_16' title="bbox 201 3064 293 3150">
     <span class='ocr_line' id='line_1_29' title="bbox 201 3064 293 3150; baseline 0.011 -21"><span class='ocrx_word' id='word_1_155' title='bbox 201 3064 293 3150; x_wconf 76' lang='lat' dir='ltr'>Apa</span> 
     </span>
    </p>
   </div>
   <div class='ocr_carea' id='block_1_9' title="bbox 492 2813 1020 2910">
    <p class='ocr_par' dir='ltr' id='par_1_17' title="bbox 492 2813 1020 2910">
     <span class='ocr_line' id='line_1_30' title="bbox 492 2813 1020 2910; baseline 0.002 -26"><span class='ocrx_word' id='word_1_156' title='bbox 492 2813 661 2887; x_wconf 71' lang='lat' dir='ltr'>acius</span> <span class='ocrx_word' id='word_1_157' title='bbox 692 2837 725 2910; x_wconf 75' lang='grc' dir='ltr'>ς.</span> <span class='ocrx_word' id='word_1_158' title='bbox 780 2813 946 2888; x_wconf 69' lang='lat' dir='ltr'>scursa</span> <span class='ocrx_word' id='word_1_159' title='bbox 971 2825 1020 2905; x_wconf 71' lang='lat'>42.</span> 
     </span>
    </p>
   </div>
   <div class='ocr_carea' id='block_1_10' title="bbox 440 2953 1071 3040">
    <p class='ocr_par' dir='ltr' id='par_1_18' title="bbox 440 2953 1071 3040">
     <span class='ocr_line' id='line_1_31' title="bbox 440 2953 1071 3040; baseline 0.002 -22"><span class='ocrx_word' id='word_1_160' title='bbox 440 2953 605 3038; x_wconf 86' lang='lat' dir='ltr'>Alphonsus.</span> <span class='ocrx_word' id='word_1_161' title='bbox 650 2957 861 3020; x_wconf 82' lang='lat' dir='ltr'>Ferdinandus.</span> <span class='ocrx_word' id='word_1_162' title='bbox 907 2956 1071 3040; x_wconf 83' lang='lat' dir='ltr'>Erophilus.</span> 
     </span>
    </p>
   </div>
   <div class='ocr_carea' id='block_1_11' title="bbox 333 3064 1217 3586">
    <p class='ocr_par' dir='ltr' id='par_1_19' title="bbox 333 3064 1087 3239">
     <span class='ocr_line' id='line_1_32' title="bbox 333 3064 1087 3152; baseline 0.004 -23"><span class='ocrx_word' id='word_1_163' title='bbox 333 3064 389 3152; x_wconf 93' lang='lat' dir='ltr'>Dij</span> <span class='ocrx_word' id='word_1_164' title='bbox 414 3067 612 3150; x_wconf 87' lang='lat' dir='ltr'>immortales,</span> <span class='ocrx_word' id='word_1_165' title='bbox 636 3069 699 3131; x_wconf 88' lang='lat' dir='ltr'>fata</span> <span class='ocrx_word' id='word_1_166' title='bbox 720 3091 784 3152; x_wconf 93' lang='lat' dir='ltr'>quo</span> <span class='ocrx_word' id='word_1_167' title='bbox 806 3083 936 3132; x_wconf 90' lang='lat' dir='ltr'>currunt</span> <span class='ocrx_word' id='word_1_168' title='bbox 958 3064 1087 3132; x_wconf 86' lang='lat' dir='ltr'>ordine!</span> 
     </span>
     <span class='ocr_line' id='line_1_33' title="bbox 334 3152 1028 3239; baseline 0.003 -23"><span class='ocrx_word' id='word_1_169' title='bbox 334 3171 464 3237; x_wconf 90' lang='lat' dir='ltr'>quantas</span> <span class='ocrx_word' id='word_1_170' title='bbox 487 3156 536 3218; x_wconf 91' lang='lat' dir='ltr'>hic</span> <span class='ocrx_word' id='word_1_171' title='bbox 560 3157 663 3218; x_wconf 87' lang='lat' dir='ltr'>turbas</span> <span class='ocrx_word' id='word_1_172' title='bbox 686 3155 798 3219; x_wconf 88' lang='lat' dir='ltr'>medici</span> <span class='ocrx_word' id='word_1_173' title='bbox 821 3178 900 3239; x_wconf 89' lang='lat' dir='ltr'>aqua</span> <span class='ocrx_word' id='word_1_174' title='bbox 923 3152 1028 3218; x_wconf 87' lang='lat' dir='ltr'>dedit!</span> 
     </span>
    </p>

    <p class='ocr_par' dir='ltr' id='par_1_20' title="bbox 334 3241 1217 3414">
     <span class='ocr_line' id='line_1_34' title="bbox 334 3241 1217 3326; baseline 0.003 -23"><span class='ocrx_word' id='word_1_175' title='bbox 334 3242 496 3305; x_wconf 89' lang='lat' dir='ltr'>inventum</span> <span class='ocrx_word' id='word_1_176' title='bbox 520 3242 575 3304; x_wconf 90' lang='lat' dir='ltr'>tibi</span> <span class='ocrx_word' id='word_1_177' title='bbox 598 3241 698 3306; x_wconf 88' lang='lat' dir='ltr'>filium</span> <span class='ocrx_word' id='word_1_178' title='bbox 721 3243 837 3324; x_wconf 90' lang='lat' dir='ltr'>vivum,</span> <span class='ocrx_word' id='word_1_179' title='bbox 861 3241 887 3305; x_wconf 87' lang='lat' dir='ltr'>F</span> <span class='ocrx_word' id='word_1_180' title='bbox 890 3242 1066 3323; x_wconf 89' lang='lat' dir='ltr'>erdinande,</span> <span class='ocrx_word' id='word_1_181' title='bbox 1088 3241 1217 3326; x_wconf 87' lang='lat' dir='ltr'>gaudeo,</span> 
     </span>
     <span class='ocr_line' id='line_1_35' title="bbox 335 3328 1067 3414; baseline 0.004 -24"><span class='ocrx_word' id='word_1_182' title='bbox 335 3343 366 3391; x_wconf 92' lang='lat' dir='ltr'>et</span> <span class='ocrx_word' id='word_1_183' title='bbox 388 3328 482 3392; x_wconf 89' lang='lat' dir='ltr'>caedis</span> <span class='ocrx_word' id='word_1_184' title='bbox 504 3329 651 3392; x_wconf 90' lang='lat' dir='ltr'>dedecore</span> <span class='ocrx_word' id='word_1_185' title='bbox 675 3329 834 3393; x_wconf 90' lang='lat' dir='ltr'>liberatam</span> <span class='ocrx_word' id='word_1_186' title='bbox 857 3352 919 3393; x_wconf 87' lang='lat' dir='ltr'>esse</span> <span class='ocrx_word' id='word_1_187' title='bbox 941 3329 1067 3414; x_wconf 88' lang='lat' dir='ltr'>Juliam.</span> 
     </span>
    </p>

    <p class='ocr_par' dir='ltr' id='par_1_21' title="bbox 333 3414 1076 3500">
     <span class='ocr_line' id='line_1_36' title="bbox 333 3414 1076 3500; baseline 0 -21"><span class='ocrx_word' id='word_1_188' title='bbox 333 3414 449 3499; x_wconf 91' lang='lat' dir='ltr'>Teque</span> <span class='ocrx_word' id='word_1_189' title='bbox 471 3416 598 3479; x_wconf 91' lang='lat' dir='ltr'>obsecro</span> <span class='ocrx_word' id='word_1_190' title='bbox 619 3418 740 3500; x_wconf 93' lang='lat' dir='ltr'>quoties</span> <span class='ocrx_word' id='word_1_191' title='bbox 763 3415 925 3480; x_wconf 88' lang='lat' dir='ltr'>Patavium</span> <span class='ocrx_word' id='word_1_192' title='bbox 948 3418 1076 3497; x_wconf 90' lang='lat' dir='ltr'>veneris,</span> 
     </span>
    </p>

    <p class='ocr_par' dir='ltr' id='par_1_22' title="bbox 333 3503 1022 3586">
     <span class='ocr_line' id='line_1_37' title="bbox 333 3503 1022 3586; baseline -0.001 -20"><span class='ocrx_word' id='word_1_193' title='bbox 333 3516 366 3566; x_wconf 93' lang='lat' dir='ltr'>vt</span> <span class='ocrx_word' id='word_1_194' title='bbox 389 3525 492 3566; x_wconf 87' lang='lat' dir='ltr'>meam</span> <span class='ocrx_word' id='word_1_195' title='bbox 514 3503 622 3567; x_wconf 91' lang='lat' dir='ltr'>lubens</span> <span class='ocrx_word' id='word_1_196' title='bbox 644 3526 727 3586; x_wconf 89' lang='lat' dir='ltr'>saepe</span> <span class='ocrx_word' id='word_1_197' title='bbox 750 3505 860 3567; x_wconf 89' lang='lat' dir='ltr'>invisas</span> <span class='ocrx_word' id='word_1_198' title='bbox 882 3503 1022 3584; x_wconf 88' lang='lat' dir='ltr'>domum,</span> 
     </span>
    </p>
   </div>
   <div class='ocr_carea' id='block_1_12' title="bbox 0 0 1534 4275">
    <p class='ocr_par' dir='ltr' id='par_1_23' title="bbox 0 0 1534 4275">
     <span class='ocr_line' id='line_1_38' title="bbox 0 0 1534 4275; baseline 0 0"><span class='ocrx_word' id='word_1_199' title='bbox 0 0 1534 4275; x_wconf 95' lang='lat' dir='ltr'> </span> 
     </span>
    </p>
   </div>
  </div>
 </body>
</html>
