3059 4275
488 972 923 1063 HYMENAEUS

546 1282 857 1362 PROLOGUS

229 1373 247 1420 'i

616 1478 793 1563 Hymenaeus

236 1598 432 1685 Hymenaeus
453 1602 561 1665 adsum
584 1602 710 1665 thalami
734 1601 902 1687 coniugalis
926 1600 1009 1683 deus,

235 1685 350 1750 faelices
373 1689 517 1752 omnibus
538 1704 752 1772 apportaturus
774 1689 906 1771 nuptias.

235 1796 320 1837 nunc
343 1796 404 1858 qua
426 1777 522 1859 gratia
544 1778 606 1839 huc
628 1777 765 1838 venerim
788 1776 927 1858 accipite.

235 1858 292 1924 Est
316 1862 347 1924 in
371 1863 453 1926 hisce
476 1863 594 1926 aedibus
616 1864 735 1948 integra
757 1864 843 1949 virgo
865 1860 960 1944 Julia,

233 1969 327 2030 quam
350 1962 412 2012 tres
433 1950 575 2012 ambiunt
599 1948 805 2035 Pantomagus
827 1948 1020 2033 vaniloquus,

234 2034 261 2097 F
262 2035 413 2100 federicus
436 2036 642 2117 Teutonicus,
666 2052 697 2099 et
719 2036 883 2100 scholaster
905 2034 1079 2119 Erophilus.

233 2118 428 2208 Pantomago
450 2140 576 2210 gnatam
599 2125 683 2208 cupit
708 2123 809 2188 locare
831 2146 935 2204 senex,

233 2209 316 2293 quod
338 2210 454 2294 amplas
476 2233 548 2294 opes
571 2212 599 2274 ei
622 2226 707 2294 pater
729 2210 895 2295 reliquerit.

235 2297 328 2360 Hanc
352 2299 530 2380 nuptiarum
553 2314 670 2381 pestem
694 2298 878 2381 impeditum
900 2297 1002 2379 venio,

232 2382 315 2446 solus
336 2385 421 2447 enim
443 2386 559 2468 optime
582 2388 713 2469 cognovi
736 2384 943 2466 incommoda,

232 2493 272 2533 ex
294 2471 393 2535 isthoc
417 2472 504 2535 fonte
527 2472 649 2555 impuro
670 2495 741 2556 quae
766 2473 935 2555 profluunt.

232 2558 362 2621 Accedo
384 2559 477 2645 igitur
498 2559 685 2643 opitulatum
707 2558 816 2642 Juliae,

231 2660 266 2708 vt
288 2644 339 2708 illa
362 2645 450 2709 illum
471 2647 527 2709 sibi
550 2647 661 2720 habeat
682 2648 859 2731 coniugem,

230 2753 326 2815 quem
348 2748 443 2812 amat,
467 2749 498 2796 et
520 2755 623 2817 aquo
646 2734 821 2798 redametur
843 2733 988 2797 maxime.

230 2820 328 2883 Nunc
351 2820 423 2904 (qua
445 2842 514 2882 sum
537 2819 701 2884 clementia
723 2822 859 2884 comicus
882 2820 978 2905 deus),

229 2907 303 2990 quia
325 2907 425 2988 ipsum
447 2907 507 2971 hoc
530 2907 590 2971 iam
613 2907 675 2971 vidi
698 2909 809 2991 saepius

231 2993 303 3057 deos
325 2993 399 3057 alios
421 2995 452 3057 in
477 2993 625 3058 Plautinis
647 2995 798 3058 factitasse
822 2994 940 3076 fabulis

230 3096 344 3144 caetera
365 3081 450 3143 vobis
471 3083 646 3167 argumenti
670 3103 755 3144 more
779 3082 913 3166 eloquar.

230 3166 261 3230 Is
282 3189 377 3251 quem
399 3168 517 3231 dudum
539 3170 624 3232 vobis
647 3168 708 3231 dixi
733 3168 908 3251 Erophilus,

228 3252 304 3318 dum
327 3253 407 3317 clam
429 3254 467 3317 ad
489 3256 641 3339 virginem
664 3271 760 3319 noctu
783 3256 963 3340 ingreditur,

229 3342 399 3405 infortunio
423 3343 586 3425 improviso
608 3340 733 3405 effertur
757 3364 813 3425 pro
834 3357 968 3425 mortuo,

227 3429 280 3494 sed
302 3450 372 3491 mea
394 3430 519 3492 tandem
541 3443 573 3492 et
594 3428 729 3512 Junonis
750 3452 842 3512 opera

208 3565 243 3608 M.
257 3563 280 3608 S.
