3059 4275
221 547 305 615 Aer.
320 571 354 634 4,
369 552 418 618 Sc
438 555 483 641 1โธ]
600 545 951 626 HYMENAEUS

353 740 515 805 concedite
536 741 656 805 miserae
679 758 711 805 et
734 742 916 805 miserandae
940 741 1089 823 faeminae,

352 840 386 889 vt
407 828 503 890 vitam
524 828 615 892 liceat
637 829 765 893 invisam
789 830 882 892 nimis
905 850 1057 911 rumpere.

352 913 494 998 Jaculare
516 916 655 979 flammas
676 916 822 997 vindices,
844 938 966 980 summe
988 930 1083 998 pater,

354 1002 386 1063 in
409 1024 471 1084 me,
494 1024 545 1065 me
567 1005 696 1087 inquam
719 1003 845 1067 nefandi
868 1025 992 1068 causam
1015 1001 1098 1084 mali,

353 1111 478 1153 meme
501 1091 618 1173 petatis.
663 1113 758 1174 quam
781 1112 872 1155 suave
895 1091 1011 1154 miseris
1034 1085 1134 1153 mori!

353 1175 386 1241 O
409 1175 499 1240 dulce
520 1177 679 1260 quondam
701 1178 816 1241 animae
838 1177 1003 1241 dimidium
1025 1198 1118 1255 meae,

347 1263 415 1346 quis
437 1279 468 1327 te
491 1265 567 1327 mihi
591 1286 676 1329 casus
699 1266 851 1329 infaustus
872 1264 1019 1328 abstulit?

350 1350 424 1433 quid
450 1353 588 1414 meruisti
611 1374 667 1415 cur
689 1353 731 1416 sic
755 1354 866 1434 perires
888 1351 1013 1416 subito?

350 1435 419 1501 Vos
440 1460 494 1502 vos
515 1437 645 1521 appello,
668 1440 743 1502 dirae
764 1440 909 1503 authores
932 1440 1025 1520 necis,

350 1526 502 1589 rationem
525 1527 601 1589 mihi
625 1528 720 1609 erepti
744 1527 860 1589 reddite
883 1525 1033 1608 Erophili.

350 1611 507 1696 Erophile,
530 1613 604 1697 quid
628 1612 729 1677 iaces?
757 1614 833 1697 quid
857 1636 940 1677 meas
961 1611 1099 1698 querelas
1121 1611 1260 1698 negligis,

350 1721 408 1764 nec
431 1721 482 1763 me
504 1715 538 1763 vt
560 1701 637 1765 soles
660 1701 743 1764 dulci
765 1699 869 1764 solaris
890 1700 989 1764 voce?

349 1786 406 1852 Sed
428 1788 503 1873 abijt
526 1787 577 1852 ille
599 1789 671 1870 heu,
693 1790 784 1870 eheu,
806 1789 891 1873 abijt.
1293 1818 1321 1865 ยน5

290 1921 298 1939 .
345 1874 432 1950 Quid
455 1874 565 1938 frustra
586 1875 668 1955 deos,
692 1876 775 1956 hera,
797 1876 928 1959 querelis
949 1897 1057 1939 oneras

348 1984 405 2027 nec
428 1977 459 2024 te
480 1962 604 2027 solaris?
634 1984 698 2025 non
722 1962 851 2025 redeunt
873 1965 1039 2045 praeterita,

347 2050 385 2113 ad
406 2071 563 2133 quemque
585 2047 681 2112 finem
704 2051 823 2131 primus
844 2065 890 2113 est
912 2049 990 2114 velle
1012 2050 1130 2133 gradus,

347 2136 490 2221 patiendo
512 2137 600 2202 decet
622 2160 750 2201 ornnem
774 2139 931 2201 fortunam
954 2139 1086 2203 vincere.

276 2272 285 2289 .
347 2226 506 2306 Amerina,
529 2241 607 2306 tace,
630 2248 694 2288 non
718 2226 777 2288 fert
798 2224 935 2288 solamen
958 2226 1054 2290 dolor.

290 2359 298 2377 .
344 2312 437 2378 Silere
460 2334 555 2393 nunc,
578 2312 661 2393 hera,
685 2327 738 2375 tua
760 2311 903 2375 voluntas
926 2314 1021 2394 iubet,

345 2424 363 2465 e
385 2415 493 2464 contra
514 2422 566 2463 me
587 2401 670 2484 cogit
692 2399 777 2484 loqui
800 2397 883 2463 fides.

345 2488 428 2572 quod
451 2509 515 2548 non
539 2487 678 2569 prodesse
699 2488 878 2571 quicquam,
901 2489 1007 2551 obesse
1029 2503 1139 2571 potest,

344 2576 412 2658 quis
433 2595 524 2638 sanus
545 2573 641 2637 velit?
673 2575 746 2657 quid
770 2575 793 2638 si
817 2596 873 2637 nos
894 2575 1057 2658 quisquam

343 2662 419 2726 dum
441 2683 495 2744 per
516 2660 629 2743 plateas
652 2677 797 2743 transeat,
821 2662 900 2725 forte
921 2662 1032 2744 videat,

344 2771 399 2812 nos
422 2747 504 2811 illico
525 2748 619 2811 caedis
643 2771 706 2812 reas
727 2770 760 2812 ar
783 2765 846 2829 uet,

343 2858 401 2899 nec
423 2833 544 2898 violatae
567 2835 732 2899 vitabimus
755 2771 870 2899 {mam
893 2836 1059 2918 pudicitiae.

341 2924 408 2987 haec
430 2922 517 2986 dictu
538 2925 640 3010 gravia
662 2938 745 3004 sunt,
769 2945 910 3006 perpessu
932 2945 1047 3006 aspera,

342 3010 521 3093 impendent
542 3026 660 3092 tamen,
683 3011 715 3072 ni
738 3025 806 3074 tute
828 3012 883 3074 tibi
907 3032 1021 3075 caveas.

245 3122 285 3162 u.
341 3097 398 3161 Tu
421 3119 504 3184 ergo,
527 3097 689 3178 Amerina,
712 3098 858 3181 quicquid
881 3097 999 3161 lubebit
1021 3098 1125 3162 facito.

284 3231 293 3248 .
338 3183 367 3249 Si
391 3206 509 3265 meum,
532 3185 615 3265 hera,
638 3184 803 3249 consilium
826 3186 943 3267 probes,

339 3293 396 3359 ego
418 3287 450 3334 te
472 3273 558 3335 omni
580 3272 714 3335 liberabo
736 3272 896 3352 dedecore,

340 3373 444 3442 postea
465 3358 602 3423 dolorem
625 3360 738 3423 sensim
762 3362 884 3423 minuet
906 3360 979 3423 dies.

207 3444 279 3535 Jul.
337 3444 453 3510 Parebo
480 3447 544 3510 tibi.
589 3446 642 3509 sed
665 3445 713 3509 dic
735 3469 800 3531 quo
821 3447 947 3510 tandem
971 3443 1087 3510 modo?

206 3532 291 3598 Anu.
337 3532 514 3617 Erophilus,
536 3534 619 3614 hera,
642 3532 743 3597 adhuc
765 3555 839 3596 cum
862 3533 989 3613 viveret,
