3059 4275
187 538 272 603 Aer.
293 558 321 621 1,
337 538 385 603 Sc
408 540 454 625 3⁵]
572 530 923 609 HYMENAEUS

322 748 445 809 nequeo
467 742 499 791 te
521 727 610 791 dictis
633 729 732 791 facere
755 741 948 790 mansuetam
971 725 1071 790 meis?

322 813 455 887 Quoties
478 829 509 877 te
532 816 616 878 vetui
640 816 720 877 foras
743 836 914 895 erumpere,

320 916 374 963 aut
395 923 574 985 quenquam
597 901 781 984 compellare
803 900 899 964 solam
922 914 976 963 aut
998 899 1156 984 colloqui?

252 1035 260 1050 .
321 987 423 1052 Modo
445 990 518 1069 huc,
542 990 584 1051 mi
609 1004 702 1071 pater,
725 988 918 1052 ambulatum
941 989 1092 1068 venimus,

321 1096 379 1138 nec
402 1074 531 1139 latebras
548 1092 583 1139 vt
604 1075 699 1157 vides,
722 1097 781 1139 nec
803 1075 931 1159 angulos
952 1075 1131 1158 quaerimus.

271 1208 279 1223 .
322 1161 338 1225 I
360 1162 452 1243 intro,
476 1163 516 1225 ibi
541 1178 679 1225 mentem
702 1162 756 1226 tibi
780 1184 908 1225 omnem
930 1161 1056 1245 eloquar
1077 1182 1190 1224 meam.

322 1248 410 1322 Quid
432 1272 494 1313 esse
517 1250 592 1313 istoc
616 1250 727 1329 dicam,
747 1249 908 1336 Erophile,
932 1249 1060 1335 negotij,

321 1352 355 1399 vt
377 1350 412 1398 tu
434 1358 507 1399 cum
530 1336 593 1400 sola
615 1337 697 1400 solus
717 1338 756 1400 sis
778 1358 899 1419 semper
920 1334 1005 1398 filiai

321 1444 361 1484 an
384 1445 452 1486 mos
474 1440 519 1487 est
542 1425 584 1487 ita
605 1423 686 1507 apud
708 1445 762 1487 vos
785 1423 937 1508 Venetijs,

322 1510 445 1593 ignotus
466 1510 598 1573 alienam
621 1512 664 1574 sic
687 1526 721 1573 vt
744 1512 920 1593 frequentet
943 1508 1097 1572 domum?

322 1598 376 1659 An
399 1598 471 1680 quia
494 1598 543 1660 hae
568 1598 623 1660 tibi
647 1620 769 1680 semper
791 1612 897 1680 patent
920 1597 1010 1678 fores,

325 1683 407 1747 aedes
429 1683 525 1748 credis
548 1706 641 1765 meas,
665 1686 779 1767 inepte,
802 1683 963 1747 lenonias?
1269 1709 1298 1760 15

255 1816 263 1833 .
324 1769 460 1855 Nequeo
481 1773 552 1835 satis
575 1772 656 1834 hanc
678 1772 879 1852 iracundiam,
902 1770 1073 1853 Alphonse,
1097 1770 1244 1849 mirarier,

321 1879 380 1920 nec
402 1880 466 1941 quo
488 1860 558 1922 haec
580 1873 703 1941 serpant
726 1857 854 1921 molesta
876 1860 967 1921 verba
988 1857 1088 1921 video.

272 1991 280 2006 .
323 1943 396 2009 Nec
418 1968 475 2031 ego
497 1961 584 2008 tuam
607 1946 741 2008 admiror
762 1946 834 2009 satis
855 1945 1025 2023 audaciam,

323 2054 382 2095 nec
404 2033 479 2115 quid
502 2034 553 2095 hic
574 2055 705 2116 quaeras,
728 2048 782 2095 aut
804 2033 879 2115 quid
901 2032 1005 2115 cupias
1028 2030 1176 2118 intelligo.

255 2165 264 2182 .
323 2117 434 2206 Egone
455 2119 529 2203 quid
552 2119 700 2203 cupiam?
729 2135 762 2182 vt
785 2135 816 2184 te
839 2119 993 2202 placatum
1016 2119 1148 2201 videam,
1265 2149 1298 2184 σο

323 2222 377 2269 aut
400 2229 503 2270 narres
523 2208 598 2290 quid
620 2209 670 2289 sit,
692 2208 776 2291 quod
799 2223 829 2270 te
853 2209 1006 2270 irritatum
1030 2206 1170 2270 reddidit.

274 2340 282 2357 .
324 2291 364 2356 In
379 2294 487 2357 eadem
510 2294 581 2357 estis
602 2295 703 2357 edocti
727 2317 836 2358 omnes
858 2294 972 2374 schola,

324 2380 405 2443 surdi
428 2382 499 2445 estis
521 2382 559 2444 ad
582 2397 706 2463 peccata
728 2403 848 2464 semper
870 2382 999 2464 propria.

325 2466 404 2530 Non
415 2491 473 2554 ego
484 2485 515 2530 te
530 2469 594 2531 heri
611 2469 672 2531 vidi
688 2491 761 2532 cum
774 2467 826 2531 illa
837 2469 869 2532 in
881 2469 1003 2531 secretis
1015 2466 1130 2530 aedium
1143 2467 1298 2550 partibus?

326 2577 390 2617 non
414 2577 465 2618 me
489 2571 641 2638 praesente
663 2577 745 2638 saepe
768 2557 894 2619 nutibus
916 2553 1103 2638 loquimini?
1265 2582 1297 2634 ²⁵

324 2663 365 2704 an
387 2642 478 2705 toties
500 2658 599 2706 vestra
620 2643 805 2725 deprehendi
828 2644 965 2725 suspiria,

326 2744 358 2793 vt
380 2751 439 2813 ego
460 2728 535 2812 lapis
558 2731 683 2792 interim
705 2730 784 2793 nihil
806 2728 963 2813 suspicer?

325 2816 371 2878 At
393 2832 428 2880 tu
450 2838 502 2880 me
525 2817 657 2880 fortassis
679 2818 812 2900 opinaris
832 2817 1033 2898 silicernium,

325 2917 358 2966 et
378 2905 445 2967 visu
467 2905 578 2986 pariter
600 2919 632 2967 et
654 2905 759 2967 animo
783 2906 936 2967 hebetem.

326 2990 427 3071 Erras,
450 2990 608 3074 Erophile,
631 3013 696 3055 non
720 3007 806 3075 potes
827 3013 934 3054 senem
957 2990 1070 3073 fallere,
1268 3023 1301 3072 30

326 3098 450 3140 morum
473 3079 617 3162 magistra
640 3094 715 3141 aetas
738 3080 866 3142 istorum
890 3079 959 3160 fuit,

325 3180 469 3247 expertus
489 3166 542 3228 vix
564 3165 686 3229 dedisco
708 3166 792 3249 quod
816 3165 906 3228 didici
929 3167 993 3229 diu.

326 3251 395 3334 Sed,
417 3268 452 3315 vt
473 3254 565 3315 verba
586 3253 624 3315 ad
647 3253 868 3335 compendium
891 3253 1060 3335 conferam,

326 3353 432 3402 natam
455 3362 513 3423 ego
535 3362 637 3403 meam
661 3341 703 3403 ita
726 3339 829 3427 diligo,

325 3440 360 3488 vt
383 3442 501 3508 patrem
524 3448 652 3509 aequum
675 3442 721 3489 est
743 3427 884 3489 sedulum
908 3442 939 3489 et
961 3427 1107 3490 sobrium.
1270 3459 1301 3509 35

325 3512 384 3577 Tu
406 3514 475 3596 quis
496 3513 535 3576 sis
557 3529 609 3576 aut
631 3513 722 3595 vnde,
745 3536 810 3576 non
833 3535 892 3596 ego
913 3513 991 3576 satio
1013 3515 1086 3577 scio.
