3059 4275
592 536 941 618 HYMENAEUS
1058 545 1310 633 [Aer.4‚se4·

280 782 288 798 .
334 734 368 802 Ο
391 734 441 818 pol
465 735 627 800 verissima
671 734 713 797 ita
734 733 821 797 solet.
859 754 954 797 nemo
976 731 1031 795 illo
1052 733 1133 796 vivit
1155 731 1309 796 honestior.

210 1083 294 1146 Duu.

211 1255 288 1319 Bar.

210 1343 293 1407 Dru.

213 1516 280 1581 Gor.

211 1603 295 1669 Duu.

211 1689 282 1754 Ero.

211 1777 294 1842 Duu.

211 1863 283 1928 Ero.

212 1952 295 2015 Duu.

211 2038 284 2103 Ero.

212 2124 296 2191 Duu.

213 2212 283 2277 Ero.

211 2300 293 2365 Duu.

211 2386 282 2450 Ero.

210 2473 293 2538 Duu.

340 822 372 885 id
392 824 469 887 adeo
491 843 547 904 pro
569 823 703 905 vtrisque
724 820 874 903 spondere
896 820 1004 884 audeo.
1284 830 1311 884 eo

339 930 426 973 secus
446 910 470 973 si
494 909 582 990 foret,
604 907 696 971 aliam
718 908 848 971 domum
870 922 1059 990 quaererent,

339 994 458 1059 nullam
482 997 531 1059 hic
553 994 634 1078 apud
657 1017 708 1058 me
732 1016 853 1058 moram
874 994 1021 1057 facerent.

339 1080 427 1147 Bene
448 1083 504 1162 ais,
527 1098 558 1145 et
580 1098 613 1145 vt
636 1083 796 1144 hominem
819 1080 949 1163 probum
974 1081 1073 1144 decet.

340 1170 404 1232 vim
427 1191 499 1254 ergo
523 1169 608 1233 vobis
629 1168 750 1232 volebat
773 1166 894 1232 facere?

343 1256 496 1320 Maxime.

519 1341 576 1406 Tu
599 1342 674 1405 mihi
698 1340 749 1424 pol
771 1340 881 1404 videris
902 1341 1065 1426 ingenuus,

341 1430 485 1514 equidem
508 1451 581 1494 cum
605 1445 635 1492 te
657 1428 757 1509 video,
780 1428 898 1491 metui
922 1429 1055 1491 miseret.

340 1518 387 1580 At
409 1539 449 1579 ne
472 1518 622 1597 misereat,
645 1516 695 1599 pol
720 1517 775 1579 iste
798 1530 844 1578 est
866 1515 1081 1598 nequissimus.

340 1602 440 1667 Audis
461 1604 536 1687 quid
559 1604 599 1667 de
619 1619 650 1666 te
672 1601 838 1686 loquantur
860 1600 1024 1666 homines?

338 1691 401 1754 Nae
424 1712 483 1775 ego
504 1712 573 1755 sum
597 1688 842 1754 infaelicissimus

860 1775 935 1859 quld
958 1773 1023 1839 ital
1286 1804 1316 1857 35

340 1862 426 1939 Quia
448 1887 506 1928 nec
527 1866 597 1948 quis
617 1865 687 1946 sim,
709 1886 768 1926 nec
788 1863 839 1926 vbi
859 1864 928 1943 sim,
946 1885 1004 1927 nec
1022 1863 1098 1947 quid
1118 1864 1318 1948 respondeam

342 1951 504 2025 Quamdiu
527 1953 559 2014 in
582 1952 629 2017 his
651 1951 764 2015 latuisti
788 1950 927 2014 aedibusi
1231 1951 1317 2036 [scio.

947 2037 1070 2101 Nescio.

343 2125 424 2200 Quis
446 2142 477 2191 te
501 2124 689 2190 intromisit?

698 2214 823 2277 Nescio.

339 2300 432 2364 Vnde
454 2301 516 2365 huc
539 2299 671 2364 venisti?
736 2327 742 2334 ·

685 2387 715 2450 id
737 2387 881 2450 omniurn
904 2385 1039 2448 maxime
1061 2387 1176 2450 nescio.

339 2473 473 2558 Mirum,
497 2476 529 2538 ni
552 2477 636 2539 hunc
658 2474 767 2558 aliquis
789 2471 1018 2537 effascinaverit.
1287 2503 1321 2552 4⁰

342 2562 388 2626 At
409 2564 463 2648 qui
486 2565 587 2646 potuit
609 2563 666 2625 nisi
689 2563 786 2644 ruptis
808 2558 957 2644 repagulis

342 2665 476 2714 vestrum
499 2648 678 2714 cubiculum
702 2648 831 2735 ingredi,

341 2738 398 2799 nisi
421 2737 499 2800 forte
523 2738 713 2800 intromissus
734 2760 752 2799 a
774 2733 942 2819 quopiam?

279 2870 286 2886 .
341 2824 374 2886 A
396 2838 507 2887 neutro
530 2839 671 2888 nostrum
694 2824 885 2886 intromissus
906 2835 962 2901 est,
985 2842 1043 2884 nec
1065 2820 1104 2884 ab
1126 2819 1186 2884 alio

340 2911 486 2993 quopiam
508 2913 618 2993 potuit.
663 2909 782 2974 clavem
805 2933 877 2974 ecce
899 2909 1062 2972 nobiscum
1084 2909 1230 2993 gerimus.
1284 2938 1318 2989 45

286 3045 293 3060 .
339 2997 423 3081 Ergo
445 3013 499 3060 aut
520 2997 705 3061 adulterinas
726 2996 826 3061 claves
848 2998 952 3075 habet,

211 3346 289 3408 Cau.

210 3432 292 3495 Duu.

211 3520 288 3584 Cau.

339 3099 393 3148 aut
416 3106 578 3148 murorum
601 3099 645 3148 est
668 3086 769 3148 hiatus
791 3083 910 3168 aliquis,

339 3185 393 3234 aut
415 3172 468 3253 qui
491 3193 544 3235 vos
566 3171 641 3235 latet
663 3171 869 3235 clandestinus
893 3171 1044 3234 introitus.

340 3258 488 3342 quicquid
512 3258 618 3340 idest,
643 3257 713 3321 volo
737 3259 799 3340 ipse
822 3260 927 3322 visere.

340 3344 487 3407 Perimus.
534 3346 595 3407 iam
618 3345 667 3407 hic
691 3345 772 3408 furta
794 3344 1002 3426 deprehendet
1024 3345 1115 3408 bona.
1286 3375 1319 3424 50

339 3430 501 3512 Ducum,
524 3454 632 3513 caupo.
677 3432 752 3514 quid
775 3430 925 3495 moraris?

338 3518 407 3604 Ego
430 3533 460 3581 te
483 3540 599 3602 sequar.
