3059 4275
207 558 290 622 Aer.
308 576 339 640 2,
355 556 404 621 Sc.
421 558 469 643 3⁵]
584 546 933 625 HYMENAEUS
1264 571 1312 652 23

208 742 279 833 Jul.
344 744 425 818 Quis
448 743 498 807 ille
521 759 566 807 est
588 765 682 826 quem
705 743 845 805 videmus
867 741 983 826 prope?

340 846 427 895 estne
441 831 566 893 obsecro
582 828 791 913 Pantomagus
806 829 966 893 medicus?
988 830 1013 893 is
1027 845 1082 912 est,
1094 831 1132 894 ad
1148 852 1204 893 nos
1218 831 1313 894 venit.

344 917 467 982 Duram
491 918 566 980 mihi
590 918 802 980 necessitatem
826 918 958 999 imponit
980 933 1076 1000 pater,

341 1020 375 1068 vt
396 1006 460 1069 eius
482 1005 559 1067 mihi
582 1025 703 1085 semper
726 1004 858 1066 ferendae
881 1019 953 1068 sunt
976 1005 1111 1086 ineptiae,
1284 1034 1316 1081 30

342 1093 392 1156 cui
415 1092 562 1155 adversari
586 1091 686 1173 palam
710 1113 774 1153 non
797 1092 904 1155 audeo.

209 1181 318 1244 Panto.
339 1178 459 1245 Salveto
481 1178 628 1259 multum,
651 1178 812 1242 Amerina.

210 1267 279 1331 Gor.
823 1266 898 1348 quid
920 1265 1041 1329 fecisti?

210 1354 319 1417 Panto.
342 1354 412 1419 Scio
433 1352 509 1436 quid
531 1351 621 1433 facio,
645 1367 753 1415 notato
776 1374 846 1435 quae
870 1368 1050 1435 sequuntur.

342 1441 388 1503 At
410 1454 446 1502 tu
468 1438 648 1522 plurimum,
670 1438 763 1522 Julia,
787 1440 841 1501 tibi
864 1439 975 1502 salutes
997 1439 1116 1520 Venus,

342 1525 457 1608 Diana,
480 1525 587 1607 Pallas,
609 1541 640 1589 et
664 1541 724 1589 tres
746 1526 877 1589 mittunt
899 1527 1017 1612 gratiae.

343 1614 597 1677 Animadvertisti
621 1612 718 1676 iilud?

210 1702 280 1767 Got.
738 1722 832 1783 quam
856 1698 1043 1784 magnifice!

341 1811 405 1852 non
429 1786 512 1852 Paris
535 1787 627 1850 credo
649 1789 806 1850 venustius
831 1787 995 1851 Helenam.

156 1931 161 1937 .
211 1874 285 1964 Jul.
347 1874 434 1949 Quas
457 1875 533 1937 mihi
556 1874 667 1937 salutes
690 1875 750 1955 das,
774 1897 823 1937 eas
847 1875 939 1937 reddo
962 1876 1027 1937 tibi.
1119 1922 1122 1928 ι

211 1964 280 2029 Gor.
346 1962 463 2028 Salutes
486 1962 528 2025 illi
551 1983 620 2024 suas
642 1961 750 2043 reddit,
773 1984 822 2024 eas
844 1962 931 2023 nihili
956 1963 1090 2025 aestimat
1113 1962 1252 2044 pessima.

209 2051 278 2113 Fre.
342 2049 483 2112 Videone
505 2048 646 2134 Juliam?
676 2048 748 2111 tolle
771 2049 852 2111 dona
873 2064 904 2111 et
926 2071 1054 2132 sequere
1077 2071 1137 2111 me.
1286 2078 1318 2125 4⁰

210 2136 282 2226 Jul.
344 2136 524 2200 Fredericus
546 2137 640 2199 etiam
662 2159 724 2198 vna
745 2136 840 2218 adest,

340 2247 360 2287 ο
381 2239 556 2286 amatorum
578 2246 632 2305 par
654 2223 907 2305 pulcherrimum.

211 2312 322 2376 Panto.
344 2312 431 2374 Haec
458 2310 547 2374 illum
575 2309 663 2391 ludit,
694 2308 841 2391 Gothrio,
871 2325 1042 2373 amatorem
1072 2310 1318 2392 pulcherrimum

211 2400 281 2464 Gor.
342 2396 397 2461 Pol
421 2412 504 2460 recte
526 2398 614 2478 dixti,
636 2397 713 2459 nihil
736 2414 782 2460 est
804 2420 840 2460 eo
863 2398 1039 2461 deformius.
1205 2398 1319 2480 [vocat.

208 2486 276 2551 Leo.
344 2485 519 2569 Aggredere
541 2484 626 2547 illam
648 2484 803 2565 audacter,
826 2484 950 2548 fortuna
973 2484 1055 2548 favet
1078 2484 1217 2546 fortibus.
1287 2513 1318 2561 45

210 2574 280 2637 Fre.
343 2570 409 2636 Ibo.

211 2660 320 2725 Panto.
423 2674 458 2722 tu
481 2681 520 2722 ne
542 2659 620 2721 absis
643 2657 775 2742 longius,

344 2767 383 2808 ne
404 2744 497 2808 vllam
521 2746 572 2808 hic
596 2746 719 2808 insanus
740 2747 864 2808 turbam
887 2745 1013 2809 excitet.

213 2834 281 2899 Gor.
342 2833 430 2907 Quid
452 2832 650 2896 meticulosus
672 2832 726 2896 es?
755 2855 850 2916 apage
872 2855 967 2896 nemo
989 2848 1034 2896 est
1056 2833 1209 2896 omnium.

211 2921 281 2984 Fre.
344 2919 390 2984 Vt
411 2934 517 2983 tecum
540 2935 585 2983 est
607 2941 711 3000 nunc,‘
725 2942 802 3004 myn
826 2918 923 2982 mall?

212 3009 320 3072 Panto.
347 3005 474 3090 Semper
503 3007 553 3069 hic
582 3007 684 3070 asinus
707 3008 767 3069 hoc
796 3007 888 3069 habet
915 3007 1111 3089 principium,
1135 3005 1323 3088 “quomodo

344 3093 465 3157 Vitiosa
478 3109 559 3157 ,sunt
581 3096 650 3156 haec
672 3095 854 3155 communia
876 3093 1010 3174 exordia,
1178 3091 1321 3175 [vaies?”

345 3203 402 3268 ego
425 3179 509 3244 illam
531 3179 592 3244 alio
613 3203 701 3263 spero
721 3180 880 3264 aggrediar
902 3181 1005 3244 modo.

347 3267 380 3333 O
403 3291 498 3352 quam
520 3267 621 3331 mollis
643 3283 674 3330 et
696 3268 779 3330 succi
803 3266 893 3350 plena
916 3289 1035 3348 manus,

346 3354 446 3418 multa
468 3355 499 3418 in
523 3356 581 3418 hac
603 3376 667 3417 non
691 3354 874 3438 negligenda
895 3355 995 3417 video.

216 3443 284 3507 Got.
348 3441 521 3521 Quaenam,
545 3442 627 3521 here,
650 3440 799 3505 obsecro?

212 3530 322 3595 Panto.
345 3528 445 3592 Linea
467 3527 589 3592 Saturni
613 3527 730 3592 collum
753 3528 891 3612 designat
914 3527 1033 3590 eburni.
