3059 4275
203 554 289 621 Aer.
304 575 338 639 4,
354 557 463 643 804⁸]
623 546 974 627 HYMENAEUS
1260 571 1313 651 45

205 739 273 806 Gor.
335 739 423 816 Quid
447 763 497 806 me
520 743 575 806 tibi
598 742 695 806 tactio
716 741 784 806 est?
815 742 890 825 quid
912 740 1029 806 vultis?
1060 742 1135 826 quid
1157 740 1314 826 quaeritis?

336 829 361 891 si
384 850 436 894 me
456 830 600 913 attingas,
623 851 696 894 cave
718 830 757 893 sis
780 828 910 893 malum.

498 991 668 1065 ACTUS
694 1019 730 1083 4.
785 993 951 1065 SCENA
976 1006 1026 1085 4⁸.

270 1132 429 1217 Bargulus.
476 1133 667 1217 Clopetarius.
695 1135 824 1286 GCalppo.
869 1135 1034 1199 Duumvir.
1079 1132 1242 1217 Erophr‘lus.

725 1235 753 1284 o?
775 1244 828 1285 rro.

207 1342 286 1406 Cau.
336 1340 429 1425 Proh,
451 1344 508 1407 viri
532 1342 682 1425 Patavini,
705 1344 782 1406 ferte
804 1365 896 1426 opem
918 1344 1053 1408 obsecro.

206 1430 290 1494 Duu.
338 1428 420 1502 Quis
441 1429 649 1496 vociferatur?
681 1452 732 1493 nae
756 1445 810 1493 tua
832 1453 891 1493 vox
914 1430 995 1494 valet
1015 1430 1124 1495 valide.

208 1517 286 1581 Cau.
333 1514 452 1582 Nescio
473 1519 542 1601 quis
564 1519 622 1581 hac
646 1532 737 1581 nocte
759 1518 837 1581 meis
860 1518 892 1580 in
916 1518 1043 1599 aedibus,

340 1605 371 1668 in
394 1605 553 1688 hospitum
576 1625 717 1669 meorum
740 1602 885 1668 cubiculo
907 1604 1038 1668 latitavit
1061 1603 1249 1668 clanculum.

339 1707 393 1756 aut
416 1692 498 1757 aedes
520 1690 733 1775 compilatum,
756 1706 810 1755 aut
832 1713 883 1755 eos
905 1694 1042 1756 occisum
1064 1693 1160 1756 venit.
1299 1718 1313 1770 5

339 1780 423 1844 intus
443 1795 609 1864 pugnatur,
632 1793 726 1862 atque
748 1800 859 1842 eccum
881 1781 982 1862 erupit
1005 1780 1093 1861 foras,

340 1866 559 1950 comprehendi
582 1865 672 1929 illum
695 1865 765 1930 iube
787 1882 942 1949 quantum
963 1868 1086 1950 poteris.

207 1956 292 2019 Duu.
339 1954 427 2028 Quid
448 1952 556 2017 statis?
585 1952 659 2036 quid
683 1974 747 2016 non
770 1975 844 2016 eum
866 1952 1147 2036 comprehenditis?

210 2042 287 2106 Cau.
339 2041 421 2105 Vide
439 2050 513 2104 curn
530 2041 666 2123 aspicias,
681 2040 705 2102 si
725 2062 799 2104 eum
813 2039 917 2104 vultus
931 2041 1093 2104 scelestum
1108 2061 1173 2102 non
1189 2038 1314 2104 indicat.

209 2129 292 2194 Duu.
338 2127 438 2209 Tace,
460 2127 535 2213 quid
559 2129 590 2191 in
613 2127 660 2191 his
683 2127 801 2192 aedibus
821 2127 938 2214 negotij
962 2125 1109 2193 esttibi?
1286 2157 1317 2194 ro

209 2216 281 2281 Ero.
343 2216 431 2290 Quid
453 2217 481 2279 ei
504 2237 590 2278 nunc
612 2216 748 2298 primum
772 2215 993 2298 respondeam?
1023 2215 1112 2279 nihil.

209 2304 295 2368 Dua.
343 2302 432 2377 Quid
454 2301 576 2366 fecisti?

209 2389 281 2455 Ero.
596 2388 684 2452 nihil.

208 2478 295 2542 Duu.
342 2477 389 2541 At
410 2478 485 2562 quid
507 2492 543 2541 tu
565 2478 616 2540 hic
638 2477 798 2560 quaerebas
820 2474 899 2539 tibi?

210 2564 283 2629 Ero.
917 2586 1037 2646 prorsus
1058 2564 1197 2647 profecto
1219 2563 1307 2628 nihil.

211 2651 296 2716 Dua.
344 2652 391 2715 At
413 2650 490 2715 nihil
511 2652 584 2735 agis,
607 2651 631 2714 si
654 2651 732 2713 nihil
754 2651 797 2713 sic
820 2651 1009 2732 respondeas.

213 2738 277 2804 Clo.
345 2736 437 2803 Dum
460 2760 516 2802 nos
537 2739 717 2819 dormimus,
740 2736 777 2800 fit
798 2739 941 2820 strepitus
963 2740 996 2801 in
1018 2737 1172 2822 cubiculo,
1288 2770 1318 2820 15

343 2827 515 2890 excitamur
536 2839 568 2891 et
589 2847 662 2888 eum
685 2847 702 2887 e
725 2825 800 2888 cista
821 2824 962 2888 videmus
982 2848 1115 2910 surgere,

344 2912 395 2976 ille
417 2914 449 2975 in
472 2935 528 2977 nos
550 2912 630 2976 vltro
652 2912 725 2975 facit
747 2912 911 2993 impetum,

343 3000 482 3084 mihique
504 3001 683 3063 commistos
704 3000 852 3086 sanguine
876 2998 983 3064 dentes
1004 2998 1144 3064 reddidit.

214 3086 282 3152 Gor.
342 3084 424 3150 Proh
446 3087 488 3172 dij
512 3085 711 3167 immortales,
733 3085 809 3169 quid
831 3086 891 3149 hoc
913 3087 1029 3173 negotij
1053 3085 1120 3150 est?

342 3174 509 3236 tandemne
532 3173 698 3256 Erophilus
720 3194 775 3255 pro
797 3173 865 3236 fure
887 3172 1148 3256 deprehenditur?
1287 3202 1320 3240 ao

212 3260 296 3324 Duu.
342 3260 430 3334 Quid
453 3276 488 3323 tu
510 3260 547 3324 ad
570 3262 627 3324 ista
648 3259 834 3342 respondes?
863 3283 984 3324 nrrsurn
1006 3259 1108 3324 nihil?

212 3346 285 3411 Ero.
345 3347 458 3411 Fateor
480 3368 531 3409 me
553 3369 661 3411 eorum
683 3368 789 3431 pugno
811 3349 988 3429 percussisse
1010 3347 1153 3428 alterum,

344 3449 506 3519 postquam
529 3456 580 3497 me
603 3434 863 3517 comprehendere
885 3434 1023 3497 voluerit.

212 3521 298 3586 Duu.
344 3522 436 3587 Tum
459 3519 509 3584 ille
532 3543 603 3583 vera
625 3536 787 3584 memorat.
