3059 4275
214 497 266 577 26
592 498 943 579 HYMENAEUS
1058 510 1159 595 [Aer.
1176 510 1310 595 2,Sc3·

213 692 319 756 Panto.
673 692 747 777 Jam
771 717 876 758 eamus
898 695 990 776 intro,
1012 694 1107 778 Julia.

212 780 276 844 Leo.
344 779 414 843 Imo
437 802 528 843 mane
550 782 686 845 obsecro.
731 782 799 843 haec
820 782 917 844 animi
938 783 985 845 sui
1007 804 1099 847 causa

342 866 485 950 quaedam
507 868 573 931 vult
596 868 725 951 proponi
748 869 924 952 aenigmata

212 953 318 1018 Panto.
344 954 554 1041 Aenigmata?
599 953 688 1019 Deus
710 957 801 1037 bone,
824 955 933 1038 placet.

213 1040 277 1104 Leo.
343 1040 426 1105 Esne
449 1042 608 1105 medicus?

213 1128 319 1191 Panto.
640 1130 715 1193 Sum
738 1144 772 1192 vt
795 1130 928 1216 ingenue
951 1130 1056 1193 fatear.

214 1216 280 1280 Got.
340 1215 411 1279 Imo
433 1238 505 1279 sane
528 1242 623 1299 sparsa
647 1242 726 1297 ικος,
749 1214 1032 1301 ἑμπειρικὸτατος,

341 1303 413 1366 artis
436 1302 588 1386 praeclarae
612 1243 742 1367 dddecus
763 1318 795 1366 et
817 1304 953 1367 infamia.

212 1388 277 1452 Leo.
339 1390 410 1476 Age
432 1414 484 1453 me
505 1392 615 1473 aspice,
638 1389 755 1475 aegroto
777 1405 808 1453 et
831 1390 927 1472 valeo,

343 1478 405 1540 iam
428 1478 477 1540 dic
498 1500 594 1561 quem
617 1480 762 1541 morbum
785 1479 893 1541 habeo.

211 1564 317 1627 Panto.
342 1562 447 1627 Potest
461 1564 577 1648 ‘aliquis
599 1580 747 1650 aegrotare
769 1580 801 1627 et
824 1564 923 1628 valere
945 1563 1099 1629 facillime.

211 1650 277 1714 Leo.
340 1650 533 1724 Quomodo?

211 1737 316 1800 Panto.
558 1736 696 1802 Diversis
719 1738 919 1821 temporibus,

341 1825 392 1888 sed
415 1848 473 1912 ego
495 1826 558 1889 scio
579 1826 653 1909 quid
676 1841 732 1904 est,
755 1841 801 1889 est
823 1825 943 1888 cholica
964 1826 1072 1908 passio.

342 1913 426 1975 Nam
450 1935 523 1976 cum
546 1914 632 1975 nervi
655 1914 795 1996 optici—

210 1998 276 2062 Leo.
777 2022 840 2082 quo
863 2022 948 2062 nunc
969 1999 1057 2063 abis?

211 2086 317 2151 Panto.
342 2084 412 2172 Ego
435 2087 539 2150 redibo
561 2108 635 2151 cum
657 2102 712 2150 tuo
734 2086 892 2151 dedecore.

211 2175 280 2238 Fre.
340 2174 501 2256 Ausculta,
524 2174 618 2259 Julia,
641 2196 728 2236 meus
751 2173 866 2237 nebulo
888 2174 980 2237 habet
1004 2174 1175 2259 ingenium.

211 2261 276 2325 Leo.
342 2263 415 2347 Jam
437 2262 554 2342 errasti,
577 2260 777 2345 Pantomage,
800 2262 913 2324 iterum
935 2262 1092 2346 conijcito.

242 2389 250 2396 κ
342 2350 481 2434 Aegroto
503 2365 535 2413 et
556 2349 654 2430 valeo,
677 2350 726 2411 dic
747 2371 842 2432 quem
866 2351 1010 2412 morbum
1032 2349 1140 2414 habeo.

210 2436 316 2500 Panto.
340 2437 436 2500 facilis
458 2452 502 2500 est
524 2436 646 2518 solutio,
670 2438 816 2499 morbum
839 2437 931 2498 habes
954 2435 1172 2519 pedicularem,
1273 2468 1320 2519 130

342 2525 434 2588 habes
455 2525 539 2608 quod
562 2525 708 2588 meruisti.
754 2523 816 2585 iam
840 2545 890 2585 me
913 2523 997 2586 ludat
1019 2524 1073 2607 qui
1096 2523 1237 2588 voluerit.

211 2609 281 2763 ΞΜ.
344 2612 477 2694 Aedipol
501 2610 543 2674 illi
567 2611 746 2693 respondisti
770 2612 873 2692 probe.

241 2713 318 2763 anto.
342 2699 371 2762 Si
395 2700 449 2762 tibi
473 2699 640 2782 quicquam
664 2697 779 2780 placeo,
802 2698 879 2760 mihi
902 2696 1007 2779 placeo
1029 2698 1176 2762 maxime.

214 2786 281 2851 Got.
342 2785 437 2866 Here,
460 2786 498 2847 da
520 2785 597 2847 mihi
621 2784 782 2867 paululum
806 2786 914 2848 veniae.
1275 2818 1322 2869 13⁴

214 2874 320 2937 Panto.
345 2871 490 2936 Dabitur.

495 2957 580 3022 Hem
602 2957 718 3022 solutor
741 2959 957 3043 aenigmatum,
1141 2960 1322 3045 [profundo

344 3047 419 3130 quid
445 3062 490 3110 est
515 3046 599 3130 quod
627 3046 730 3109 fremit
761 3047 793 3108 in
824 3047 953 3128 mundo,
979 3047 1064 3129 quod
1090 3046 1234 3129 deprimit
1259 3049 1324 3113 alta

344 3134 428 3218 quod
451 3133 532 3196 mala
554 3134 692 3215 rimatur,
714 3133 797 3216 quod
820 3133 943 3216 cuspide
966 3149 1080 3198 cuncta
1102 3134 1261 3199 minaturl

273 3271 280 3287 .
344 3221 413 3306 Ego
434 3222 508 3302 scio,
530 3219 710 3301 auscultate,
734 3234 779 3282 est
802 3220 904 3283 herilis
926 3219 1055 3305 gladius.

276 3360 283 3375 .
345 3308 453 3382 Quam
475 3305 585 3371 acute!

618 3396 667 3475 ah,
691 3392 863 3475 Leonarde,
886 3394 1004 3457 domini
1026 3396 1132 3458 similis
1154 3417 1198 3476 es,

346 3498 473 3567 vterque
496 3482 605 3545 bardus
627 3496 672 3543 est
697 3482 808 3564 [tuque
830 3482 876 3564 et]
900 3481 992 3544 herus
1014 3483 1077 3565 ipse
1099 3499 1180 3548 tuus.
1278 3515 1326 3565 ¹40
