<?xml version="1.0" encoding="UTF-8"?>
<!DOCTYPE html PUBLIC "-//W3C//DTD XHTML 1.0 Transitional//EN"
    "http://www.w3.org/TR/xhtml1/DTD/xhtml1-transitional.dtd">
<html xmlns="http://www.w3.org/1999/xhtml" xml:lang="en" lang="en">
 <head>
  <title>
</title>
<meta http-equiv="Content-Type" content="text/html;charset=utf-8" />
  <meta name='ocr-system' content='tesseract 3.04.00' />
  <meta name='ocr-capabilities' content='ocr_page ocr_carea ocr_par ocr_line ocrx_word'/>
</head>
<body>
  <div class='ocr_page' id='page_1' title='image "./hymenusacomedya00smitgoog_0082.png"; bbox 0 0 3059 4275; ppageno 0'>
   <div class='ocr_carea' id='block_1_1' title="bbox 215 535 269 615">
    <p class='ocr_par' dir='ltr' id='par_1_1' title="bbox 215 535 269 615">
     <span class='ocr_line' id='line_1_1' title="bbox 215 535 269 615; baseline 0 0"><span class='ocrx_word' id='word_1_1' title='bbox 215 535 269 615; x_wconf 82' lang='lat'>62</span> 
     </span>
    </p>
   </div>
   <div class='ocr_carea' id='block_1_2' title="bbox 216 816 285 880">
    <p class='ocr_par' dir='ltr' id='par_1_2' title="bbox 216 816 285 880">
     <span class='ocr_line' id='line_1_2' title="bbox 216 816 285 880; baseline 0.014 -1"><span class='ocrx_word' id='word_1_2' title='bbox 216 816 285 880; x_wconf 82' lang='lat' dir='ltr'>Fer.</span> 
     </span>
    </p>
   </div>
   <div class='ocr_carea' id='block_1_3' title="bbox 597 533 1316 629">
    <p class='ocr_par' dir='ltr' id='par_1_3' title="bbox 597 533 1316 629">
     <span class='ocr_line' id='line_1_3' title="bbox 597 533 1316 629; baseline -0.003 -16"><span class='ocrx_word' id='word_1_3' title='bbox 597 533 946 613; x_wconf 87' lang='lat' dir='ltr'>HYMENAEUS</span> <span class='ocrx_word' id='word_1_4' title='bbox 1066 544 1168 629; x_wconf 76' lang='lat' dir='ltr'>[Aer.</span> <span class='ocrx_word' id='word_1_5' title='bbox 1186 542 1316 627; x_wconf 81' lang='lat' dir='ltr'>5,Sc4⁸</span> 
     </span>
    </p>
   </div>
   <div class='ocr_carea' id='block_1_4' title="bbox 344 726 1123 1247">
    <p class='ocr_par' dir='ltr' id='par_1_4' title="bbox 344 726 1123 1073">
     <span class='ocr_line' id='line_1_4' title="bbox 346 726 1123 899; baseline 0.004 -19"><span class='ocrx_word' id='word_1_6' title='bbox 346 751 427 881; x_wconf 59' lang='lat' dir='ltr'>id</span> <span class='ocrx_word' id='word_1_7' title='bbox 438 751 489 879; x_wconf 67' lang='lat' dir='ltr'>tt</span> <span class='ocrx_word' id='word_1_8' title='bbox 510 726 1123 899; x_wconf 49' lang='lat' dir='ltr'>nffi0pttttt⁰0¹sssst⁰nfitfiti¹t²⁸</span> 
     </span>
     <span class='ocr_line' id='line_1_5' title="bbox 346 902 1036 967; baseline 0 -2"><span class='ocrx_word' id='word_1_9' title='bbox 346 919 378 966; x_wconf 88' lang='lat' dir='ltr'>at</span> <span class='ocrx_word' id='word_1_10' title='bbox 400 904 455 967; x_wconf 93' lang='lat' dir='ltr'>tibi</span> <span class='ocrx_word' id='word_1_11' title='bbox 479 902 616 967; x_wconf 92' lang='lat' dir='ltr'>multum</span> <span class='ocrx_word' id='word_1_12' title='bbox 638 926 690 967; x_wconf 89' lang='lat' dir='ltr'>me</span> <span class='ocrx_word' id='word_1_13' title='bbox 713 904 774 965; x_wconf 87' lang='lat' dir='ltr'>iam</span> <span class='ocrx_word' id='word_1_14' title='bbox 797 903 907 966; x_wconf 88' lang='lat' dir='ltr'>debere</span> <span class='ocrx_word' id='word_1_15' title='bbox 929 903 1036 966; x_wconf 88' lang='lat' dir='ltr'>fateor.</span> 
     </span>
     <span class='ocr_line' id='line_1_6' title="bbox 344 988 1010 1073; baseline -0.002 -20"><span class='ocrx_word' id='word_1_16' title='bbox 344 988 437 1053; x_wconf 90' lang='lat' dir='ltr'>Nihil</span> <span class='ocrx_word' id='word_1_17' title='bbox 459 990 614 1073; x_wconf 77' lang='lat' dir='ltr'>equidem,</span> <span class='ocrx_word' id='word_1_18' title='bbox 636 991 688 1053; x_wconf 92' lang='lat' dir='ltr'>sed</span> <span class='ocrx_word' id='word_1_19' title='bbox 710 1012 809 1052; x_wconf 89' lang='lat' dir='ltr'>vnum</span> <span class='ocrx_word' id='word_1_20' title='bbox 831 1012 913 1073; x_wconf 85' lang='lat' dir='ltr'>aegre</span> <span class='ocrx_word' id='word_1_21' title='bbox 935 989 1010 1071; x_wconf 88' lang='lat' dir='ltr'>fero,</span> 
     </span>
    </p>

    <p class='ocr_par' dir='ltr' id='par_1_5' title="bbox 346 1074 1096 1247">
     <span class='ocr_line' id='line_1_7' title="bbox 347 1074 1096 1160; baseline 0 -21"><span class='ocrx_word' id='word_1_22' title='bbox 347 1099 430 1141; x_wconf 89' lang='lat' dir='ltr'>meas</span> <span class='ocrx_word' id='word_1_23' title='bbox 451 1075 636 1159; x_wconf 88' lang='lat' dir='ltr'>Erophilum</span> <span class='ocrx_word' id='word_1_24' title='bbox 658 1077 739 1140; x_wconf 90' lang='lat' dir='ltr'>clam</span> <span class='ocrx_word' id='word_1_25' title='bbox 761 1074 840 1140; x_wconf 89' lang='lat' dir='ltr'>velle</span> <span class='ocrx_word' id='word_1_26' title='bbox 862 1075 944 1139; x_wconf 88' lang='lat' dir='ltr'>aedes</span> <span class='ocrx_word' id='word_1_27' title='bbox 966 1075 1096 1160; x_wconf 85' lang='lat' dir='ltr'>ingredi,</span> 
     </span>
     <span class='ocr_line' id='line_1_8' title="bbox 346 1160 1084 1247; baseline 0 -20"><span class='ocrx_word' id='word_1_28' title='bbox 346 1165 540 1247; x_wconf 81' lang='lat' dir='ltr'>potissimum</span> <span class='ocrx_word' id='word_1_29' title='bbox 562 1185 665 1228; x_wconf 82' lang='lat' dir='ltr'>meam</span> <span class='ocrx_word' id='word_1_30' title='bbox 688 1178 721 1226; x_wconf 93' lang='lat' dir='ltr'>vt</span> <span class='ocrx_word' id='word_1_31' title='bbox 743 1178 954 1246; x_wconf 85' lang='lat' dir='ltr'>corrumperet</span> <span class='ocrx_word' id='word_1_32' title='bbox 977 1160 1084 1227; x_wconf 83' lang='lat' dir='ltr'>filiam.</span> 
     </span>
    </p>
   </div>
   <div class='ocr_carea' id='block_1_5' title="bbox 279 1250 1054 1334">
    <p class='ocr_par' dir='ltr' id='par_1_6' title="bbox 279 1250 1054 1334">
     <span class='ocr_line' id='line_1_9' title="bbox 279 1250 1054 1334; baseline -0.004 -18"><span class='ocrx_word' id='word_1_33' title='bbox 279 1299 286 1316; x_wconf 91' lang='lat'>.</span> <span class='ocrx_word' id='word_1_34' title='bbox 347 1251 439 1333; x_wconf 90' lang='lat' dir='ltr'>Illud,</span> <span class='ocrx_word' id='word_1_35' title='bbox 461 1250 635 1333; x_wconf 88' lang='lat' dir='ltr'>Alphonse‚</span> <span class='ocrx_word' id='word_1_36' title='bbox 658 1251 735 1313; x_wconf 90' lang='lat' dir='ltr'>mihi</span> <span class='ocrx_word' id='word_1_37' title='bbox 759 1251 896 1334; x_wconf 82' lang='lat' dir='ltr'>ignoscas</span> <span class='ocrx_word' id='word_1_38' title='bbox 918 1251 1054 1331; x_wconf 92' lang='lat' dir='ltr'>obsecro,</span> 
     </span>
    </p>
   </div>
   <div class='ocr_carea' id='block_1_6' title="bbox 345 1338 1317 1944">
    <p class='ocr_par' dir='ltr' id='par_1_7' title="bbox 345 1338 985 1423">
     <span class='ocr_line' id='line_1_10' title="bbox 345 1338 985 1423; baseline -0.002 -21"><span class='ocrx_word' id='word_1_39' title='bbox 345 1340 447 1423; x_wconf 85' lang='lat' dir='ltr'>coegit</span> <span class='ocrx_word' id='word_1_40' title='bbox 469 1360 566 1419; x_wconf 92' lang='lat' dir='ltr'>amor,</span> <span class='ocrx_word' id='word_1_41' title='bbox 589 1338 676 1401; x_wconf 90' lang='lat' dir='ltr'>cuius</span> <span class='ocrx_word' id='word_1_42' title='bbox 697 1338 761 1401; x_wconf 92' lang='lat' dir='ltr'>vim</span> <span class='ocrx_word' id='word_1_43' title='bbox 784 1359 878 1399; x_wconf 90' lang='lat' dir='ltr'>nemo</span> <span class='ocrx_word' id='word_1_44' title='bbox 899 1338 985 1401; x_wconf 87' lang='lat' dir='ltr'>vitat.</span> 
     </span>
    </p>

    <p class='ocr_par' dir='ltr' id='par_1_8' title="bbox 346 1424 1315 1595">
     <span class='ocr_line' id='line_1_11' title="bbox 347 1424 1315 1504; baseline 0.001 -15"><span class='ocrx_word' id='word_1_45' title='bbox 347 1425 436 1500; x_wconf 91' lang='lat' dir='ltr'>Quin</span> <span class='ocrx_word' id='word_1_46' title='bbox 460 1424 532 1489; x_wconf 92' lang='lat' dir='ltr'>deos</span> <span class='ocrx_word' id='word_1_47' title='bbox 552 1440 644 1488; x_wconf 88' lang='lat' dir='ltr'>testes</span> <span class='ocrx_word' id='word_1_48' title='bbox 663 1425 776 1488; x_wconf 87' lang='lat' dir='ltr'>amoris</span> <span class='ocrx_word' id='word_1_49' title='bbox 797 1426 858 1487; x_wconf 90' lang='lat' dir='ltr'>mei</span> <span class='ocrx_word' id='word_1_50' title='bbox 881 1446 969 1504; x_wconf 88' lang='lat' dir='ltr'>voco,</span> <span class='ocrx_word' id='word_1_51' title='bbox 1291 1454 1315 1503; x_wconf 80' lang='lat'>15</span> 
     </span>
     <span class='ocr_line' id='line_1_12' title="bbox 346 1512 1199 1595; baseline 0 -20"><span class='ocrx_word' id='word_1_52' title='bbox 346 1528 410 1575; x_wconf 86' lang='lat' dir='ltr'>tam</span> <span class='ocrx_word' id='word_1_53' title='bbox 433 1535 452 1576; x_wconf 88' lang='lat' dir='ltr'>a</span> <span class='ocrx_word' id='word_1_54' title='bbox 473 1534 524 1575; x_wconf 93' lang='lat' dir='ltr'>me</span> <span class='ocrx_word' id='word_1_55' title='bbox 546 1512 689 1595; x_wconf 90' lang='lat' dir='ltr'>pudicam</span> <span class='ocrx_word' id='word_1_56' title='bbox 712 1533 785 1591; x_wconf 80' lang='lat' dir='ltr'>esse,</span> <span class='ocrx_word' id='word_1_57' title='bbox 808 1513 889 1574; x_wconf 91' lang='lat' dir='ltr'>acsi</span> <span class='ocrx_word' id='word_1_58' title='bbox 912 1532 996 1574; x_wconf 90' lang='lat' dir='ltr'>soror</span> <span class='ocrx_word' id='word_1_59' title='bbox 1017 1525 1095 1575; x_wconf 86' lang='lat' dir='ltr'>essct</span> <span class='ocrx_word' id='word_1_60' title='bbox 1118 1534 1199 1594; x_wconf 87' lang='lat' dir='ltr'>mea,</span> 
     </span>
    </p>

    <p class='ocr_par' dir='ltr' id='par_1_9' title="bbox 345 1597 1085 1682">
     <span class='ocr_line' id='line_1_13' title="bbox 345 1597 1085 1682; baseline -0.001 -20"><span class='ocrx_word' id='word_1_61' title='bbox 345 1601 402 1662; x_wconf 91' lang='lat' dir='ltr'>nisi</span> <span class='ocrx_word' id='word_1_62' title='bbox 426 1600 464 1662; x_wconf 92' lang='lat' dir='ltr'>sit</span> <span class='ocrx_word' id='word_1_63' title='bbox 486 1598 654 1662; x_wconf 86' lang='lat' dir='ltr'>osculando</span> <span class='ocrx_word' id='word_1_64' title='bbox 675 1600 843 1682; x_wconf 90' lang='lat' dir='ltr'>quicquam</span> <span class='ocrx_word' id='word_1_65' title='bbox 867 1597 1085 1680; x_wconf 90' lang='lat' dir='ltr'>impudicitior.</span> 
     </span>
    </p>

    <p class='ocr_par' dir='ltr' id='par_1_10' title="bbox 345 1684 1104 1769">
     <span class='ocr_line' id='line_1_14' title="bbox 345 1684 1104 1769; baseline -0.004 -19"><span class='ocrx_word' id='word_1_66' title='bbox 345 1686 430 1750; x_wconf 87' lang='lat' dir='ltr'>Nam</span> <span class='ocrx_word' id='word_1_67' title='bbox 453 1687 503 1749; x_wconf 92' lang='lat' dir='ltr'>vbi</span> <span class='ocrx_word' id='word_1_68' title='bbox 526 1686 662 1769; x_wconf 90' lang='lat' dir='ltr'>primum</span> <span class='ocrx_word' id='word_1_69' title='bbox 685 1687 749 1749; x_wconf 92' lang='lat' dir='ltr'>eius</span> <span class='ocrx_word' id='word_1_70' title='bbox 771 1684 917 1748; x_wconf 86' lang='lat' dir='ltr'>conclave</span> <span class='ocrx_word' id='word_1_71' title='bbox 941 1685 1104 1769; x_wconf 90' lang='lat' dir='ltr'>ingredior,</span> 
     </span>
    </p>

    <p class='ocr_par' dir='ltr' id='par_1_11' title="bbox 345 1771 962 1857">
     <span class='ocr_line' id='line_1_15' title="bbox 345 1771 962 1857; baseline -0.005 -20"><span class='ocrx_word' id='word_1_72' title='bbox 345 1774 464 1857; x_wconf 90' lang='lat' dir='ltr'>epotavi</span> <span class='ocrx_word' id='word_1_73' title='bbox 486 1795 599 1856; x_wconf 86' lang='lat' dir='ltr'>aquam</span> <span class='ocrx_word' id='word_1_74' title='bbox 622 1788 653 1836; x_wconf 91' lang='lat' dir='ltr'>et</span> <span class='ocrx_word' id='word_1_75' title='bbox 675 1772 846 1835; x_wconf 90' lang='lat' dir='ltr'>obdormivi</span> <span class='ocrx_word' id='word_1_76' title='bbox 870 1771 962 1853; x_wconf 91' lang='lat' dir='ltr'>illico,</span> 
     </span>
    </p>

    <p class='ocr_par' dir='ltr' id='par_1_12' title="bbox 345 1858 1317 1944">
     <span class='ocr_line' id='line_1_16' title="bbox 345 1858 1317 1944; baseline 0.002 -21"><span class='ocrx_word' id='word_1_77' title='bbox 345 1883 404 1924; x_wconf 90' lang='lat' dir='ltr'>nec</span> <span class='ocrx_word' id='word_1_78' title='bbox 426 1858 547 1944; x_wconf 78' lang='lat' dir='ltr'>vigilavi</span> <span class='ocrx_word' id='word_1_79' title='bbox 570 1861 746 1943; x_wconf 83' lang='lat' dir='ltr'>priusquam</span> <span class='ocrx_word' id='word_1_80' title='bbox 770 1860 802 1921; x_wconf 92' lang='lat' dir='ltr'>in</span> <span class='ocrx_word' id='word_1_81' title='bbox 824 1860 971 1941; x_wconf 82' lang='lat' dir='ltr'>cauponis</span> <span class='ocrx_word' id='word_1_82' title='bbox 993 1859 1243 1927; x_wconf 86' lang='lat' dir='ltr'>aedesvenerim.</span> <span class='ocrx_word' id='word_1_83' title='bbox 1288 1890 1317 1925; x_wconf 75' lang='lat' dir='ltr'>ro</span> 
     </span>
    </p>
   </div>
   <div class='ocr_carea' id='block_1_7' title="bbox 295 1946 1176 2031">
    <p class='ocr_par' dir='ltr' id='par_1_13' title="bbox 295 1946 1176 2031">
     <span class='ocr_line' id='line_1_17' title="bbox 295 1946 1176 2031; baseline -0.002 -20"><span class='ocrx_word' id='word_1_84' title='bbox 295 1994 304 2011; x_wconf 86' lang='lat'><strong>.</strong></span> <span class='ocrx_word' id='word_1_85' title='bbox 348 1947 481 2031; x_wconf 88' lang='lat' dir='ltr'>Aedipol</span> <span class='ocrx_word' id='word_1_86' title='bbox 504 1962 534 2010; x_wconf 89' lang='lat' dir='ltr'>te</span> <span class='ocrx_word' id='word_1_87' title='bbox 556 1947 690 2009; x_wconf 91' lang='lat' dir='ltr'>nimium</span> <span class='ocrx_word' id='word_1_88' title='bbox 712 1968 832 2028; x_wconf 88' lang='lat' dir='ltr'>semper</span> <span class='ocrx_word' id='word_1_89' title='bbox 854 1969 923 2009; x_wconf 88' lang='lat' dir='ltr'>mea</span> <span class='ocrx_word' id='word_1_90' title='bbox 944 1948 1059 2010; x_wconf 89' lang='lat' dir='ltr'>amavit</span> <span class='ocrx_word' id='word_1_91' title='bbox 1080 1946 1176 2031; x_wconf 89' lang='lat' dir='ltr'>Julia,</span> 
     </span>
    </p>
   </div>
   <div class='ocr_carea' id='block_1_8' title="bbox 345 2032 1237 2293">
    <p class='ocr_par' dir='ltr' id='par_1_14' title="bbox 345 2032 1237 2293">
     <span class='ocr_line' id='line_1_18' title="bbox 345 2032 1237 2119; baseline 0.001 -22"><span class='ocrx_word' id='word_1_92' title='bbox 345 2058 419 2099; x_wconf 91' lang='lat' dir='ltr'>narn</span> <span class='ocrx_word' id='word_1_93' title='bbox 441 2034 656 2119; x_wconf 90' lang='lat' dir='ltr'>quotiescum</span> <span class='ocrx_word' id='word_1_94' title='bbox 679 2033 730 2097; x_wconf 85' lang='lat' dir='ltr'>illa</span> <span class='ocrx_word' id='word_1_95' title='bbox 752 2032 791 2097; x_wconf 89' lang='lat' dir='ltr'>de</span> <span class='ocrx_word' id='word_1_96' title='bbox 813 2034 959 2096; x_wconf 92' lang='lat' dir='ltr'>nubendo</span> <span class='ocrx_word' id='word_1_97' title='bbox 980 2036 1046 2097; x_wconf 93' lang='lat' dir='ltr'>viro</span> <span class='ocrx_word' id='word_1_98' title='bbox 1067 2033 1237 2118; x_wconf 89' lang='lat' dir='ltr'>colloquor,</span> 
     </span>
     <span class='ocr_line' id='line_1_19' title="bbox 346 2120 999 2206; baseline -0.005 -19"><span class='ocrx_word' id='word_1_99' title='bbox 346 2122 448 2206; x_wconf 90' lang='lat' dir='ltr'>pallet,</span> <span class='ocrx_word' id='word_1_100' title='bbox 471 2122 570 2203; x_wconf 90' lang='lat' dir='ltr'>rubet,</span> <span class='ocrx_word' id='word_1_101' title='bbox 592 2122 730 2204; x_wconf 85' lang='lat' dir='ltr'>suspirat,</span> <span class='ocrx_word' id='word_1_102' title='bbox 753 2120 831 2184; x_wconf 93' lang='lat' dir='ltr'>nihil</span> <span class='ocrx_word' id='word_1_103' title='bbox 852 2120 999 2205; x_wconf 83' lang='lat' dir='ltr'>loquitur,</span> 
     </span>
     <span class='ocr_line' id='line_1_20' title="bbox 345 2209 1064 2293; baseline -0.001 -20"><span class='ocrx_word' id='word_1_104' title='bbox 345 2225 379 2273; x_wconf 96' lang='lat' dir='ltr'>vt</span> <span class='ocrx_word' id='word_1_105' title='bbox 401 2209 488 2273; x_wconf 83' lang='lat' dir='ltr'>facile</span> <span class='ocrx_word' id='word_1_106' title='bbox 510 2209 640 2289; x_wconf 89' lang='lat' dir='ltr'>videam,</span> <span class='ocrx_word' id='word_1_107' title='bbox 664 2231 725 2293; x_wconf 94' lang='lat' dir='ltr'>quo</span> <span class='ocrx_word' id='word_1_108' title='bbox 746 2209 891 2272; x_wconf 87' lang='lat' dir='ltr'>adiecerit</span> <span class='ocrx_word' id='word_1_109' title='bbox 912 2210 1064 2272; x_wconf 90' lang='lat' dir='ltr'>animum.</span> 
     </span>
    </p>
   </div>
   <div class='ocr_carea' id='block_1_9' title="bbox 278 2294 1144 2382">
    <p class='ocr_par' dir='ltr' id='par_1_15' title="bbox 278 2294 1144 2382">
     <span class='ocr_line' id='line_1_21' title="bbox 278 2294 1144 2382; baseline -0.002 -21"><span class='ocrx_word' id='word_1_110' title='bbox 278 2344 286 2360; x_wconf 87' lang='lat'><strong>.</strong></span> <span class='ocrx_word' id='word_1_111' title='bbox 346 2299 400 2360; x_wconf 90' lang='lat' dir='ltr'>Ah</span> <span class='ocrx_word' id='word_1_112' title='bbox 421 2320 462 2361; x_wconf 91' lang='lat' dir='ltr'>ne</span> <span class='ocrx_word' id='word_1_113' title='bbox 484 2297 618 2359; x_wconf 90' lang='lat' dir='ltr'>nimium</span> <span class='ocrx_word' id='word_1_114' title='bbox 642 2294 732 2377; x_wconf 84' lang='lat' dir='ltr'>dicas,</span> <span class='ocrx_word' id='word_1_115' title='bbox 755 2297 807 2359; x_wconf 88' lang='lat' dir='ltr'>sed</span> <span class='ocrx_word' id='word_1_116' title='bbox 830 2317 888 2359; x_wconf 90' lang='lat' dir='ltr'>nec</span> <span class='ocrx_word' id='word_1_117' title='bbox 910 2318 969 2382; x_wconf 89' lang='lat' dir='ltr'>ego</span> <span class='ocrx_word' id='word_1_118' title='bbox 990 2318 1059 2359; x_wconf 89' lang='lat' dir='ltr'>eam</span> <span class='ocrx_word' id='word_1_119' title='bbox 1082 2296 1144 2361; x_wconf 89' lang='lat' dir='ltr'>odi.</span> 
     </span>
    </p>
   </div>
   <div class='ocr_carea' id='block_1_10' title="bbox 212 3165 299 3251">
    <p class='ocr_par' dir='ltr' id='par_1_16' title="bbox 212 3165 299 3251">
     <span class='ocr_line' id='line_1_22' title="bbox 212 3165 299 3251; baseline 0.011 -22"><span class='ocrx_word' id='word_1_120' title='bbox 212 3165 299 3251; x_wconf 82' lang='lat' dir='ltr'><em>Alph.</em></span> 
     </span>
    </p>
   </div>
   <div class='ocr_carea' id='block_1_11' title="bbox 209 3427 299 3599">
    <p class='ocr_par' dir='ltr' id='par_1_17' title="bbox 209 3427 299 3599">
     <span class='ocr_line' id='line_1_23' title="bbox 209 3427 281 3492; baseline 0.014 -1"><span class='ocrx_word' id='word_1_121' title='bbox 209 3427 281 3492; x_wconf 82' lang='lat' dir='ltr'>Ero.</span> 
     </span>
     <span class='ocr_line' id='line_1_24' title="bbox 210 3514 299 3599; baseline 0.011 -20"><span class='ocrx_word' id='word_1_122' title='bbox 210 3514 299 3599; x_wconf 76' lang='lat' dir='ltr'>Alpi.</span> 
     </span>
    </p>
   </div>
   <div class='ocr_carea' id='block_1_12' title="bbox 340 2406 1320 3600">
    <p class='ocr_par' dir='ltr' id='par_1_18' title="bbox 340 2406 1320 3600">
     <span class='ocr_line' id='line_1_25' title="bbox 1165 2406 1301 2450; baseline 0.015 -2"><span class='ocrx_word' id='word_1_123' title='bbox 1165 2406 1239 2448; x_wconf 84' lang='lat' dir='ltr'>sero.</span> <span class='ocrx_word' id='word_1_124' title='bbox 1287 2414 1301 2450; x_wconf 71' lang='grc' dir='ltr'>α</span> 
     </span>
     <span class='ocr_line' id='line_1_26' title="bbox 345 2413 1317 2559; baseline -0.004 -24"><span class='ocrx_word' id='word_1_125' title='bbox 345 2469 441 2559; x_wconf 89' lang='lat' dir='ltr'>Ergo,</span> <span class='ocrx_word' id='word_1_126' title='bbox 465 2470 635 2555; x_wconf 87' lang='lat' dir='ltr'>Alphonse,</span> <span class='ocrx_word' id='word_1_127' title='bbox 659 2470 814 2534; x_wconf 85' lang='lat' dir='ltr'>meandi.</span> <span class='ocrx_word' id='word_1_128' title='bbox 861 2471 922 2532; x_wconf 85' lang='lat' dir='ltr'>iam</span> <span class='ocrx_word' id='word_1_129' title='bbox 945 2471 969 2532; x_wconf 91' lang='lat' dir='ltr'>si</span> <span class='ocrx_word' id='word_1_130' title='bbox 993 2468 1079 2534; x_wconf 93' lang='lat' dir='ltr'>lubet</span> <span class='ocrx_word' id='word_1_131' title='bbox 1304 2413 1317 2464; x_wconf 66' lang='lat'>⁵</span> 
     </span>
     <span class='ocr_line' id='line_1_27' title="bbox 344 2554 1059 2642; baseline -0.004 -19"><span class='ocrx_word' id='word_1_132' title='bbox 344 2558 493 2642; x_wconf 91' lang='lat' dir='ltr'>Erophilo</span> <span class='ocrx_word' id='word_1_133' title='bbox 516 2581 586 2622; x_wconf 88' lang='lat' dir='ltr'>meo</span> <span class='ocrx_word' id='word_1_134' title='bbox 608 2573 693 2621; x_wconf 89' lang='lat' dir='ltr'>tuam</span> <span class='ocrx_word' id='word_1_135' title='bbox 716 2558 739 2620; x_wconf 89' lang='lat' dir='ltr'>si</span> <span class='ocrx_word' id='word_1_136' title='bbox 763 2557 931 2639; x_wconf 88' lang='lat' dir='ltr'>despondes</span> <span class='ocrx_word' id='word_1_137' title='bbox 952 2554 1059 2639; x_wconf 88' lang='lat' dir='ltr'>filiam,</span> 
     </span>
     <span class='ocr_line' id='line_1_28' title="bbox 342 2645 903 2731; baseline -0.005 -22"><span class='ocrx_word' id='word_1_138' title='bbox 342 2647 415 2731; x_wconf 91' lang='lat' dir='ltr'>quia</span> <span class='ocrx_word' id='word_1_139' title='bbox 436 2668 499 2710; x_wconf 88' lang='lat' dir='ltr'>sese</span> <span class='ocrx_word' id='word_1_140' title='bbox 521 2645 610 2709; x_wconf 93' lang='lat' dir='ltr'>video</span> <span class='ocrx_word' id='word_1_141' title='bbox 631 2667 735 2708; x_wconf 90' lang='lat' dir='ltr'>amare</span> <span class='ocrx_word' id='word_1_142' title='bbox 757 2645 903 2724; x_wconf 89' lang='lat' dir='ltr'>invicem,</span> 
     </span>
     <span class='ocr_line' id='line_1_29' title="bbox 344 2731 1060 2818; baseline -0.003 -22"><span class='ocrx_word' id='word_1_143' title='bbox 344 2734 450 2796; x_wconf 88' lang='lat' dir='ltr'>dotem</span> <span class='ocrx_word' id='word_1_144' title='bbox 473 2755 530 2818; x_wconf 88' lang='lat' dir='ltr'>ego</span> <span class='ocrx_word' id='word_1_145' title='bbox 552 2731 644 2795; x_wconf 89' lang='lat' dir='ltr'>vllam</span> <span class='ocrx_word' id='word_1_146' title='bbox 668 2754 726 2795; x_wconf 91' lang='lat' dir='ltr'>nec</span> <span class='ocrx_word' id='word_1_147' title='bbox 748 2754 857 2815; x_wconf 88' lang='lat' dir='ltr'>quaero</span> <span class='ocrx_word' id='word_1_148' title='bbox 878 2753 936 2794; x_wconf 90' lang='lat' dir='ltr'>nec</span> <span class='ocrx_word' id='word_1_149' title='bbox 959 2731 1060 2813; x_wconf 91' lang='lat' dir='ltr'>cupio.</span> 
     </span>
     <span class='ocr_line' id='line_1_30' title="bbox 343 2819 1320 2907; baseline 0.004 -24"><span class='ocrx_word' id='word_1_150' title='bbox 343 2835 388 2883; x_wconf 90' lang='lat' dir='ltr'>est</span> <span class='ocrx_word' id='word_1_151' title='bbox 410 2819 468 2906; x_wconf 86' lang='lat' dir='ltr'>dijs</span> <span class='ocrx_word' id='word_1_152' title='bbox 489 2821 586 2907; x_wconf 83' lang='lat' dir='ltr'>gratia</span> <span class='ocrx_word' id='word_1_153' title='bbox 606 2819 729 2883; x_wconf 86' lang='lat' dir='ltr'>abunde</span> <span class='ocrx_word' id='word_1_154' title='bbox 751 2820 828 2881; x_wconf 92' lang='lat' dir='ltr'>mihi</span> <span class='ocrx_word' id='word_1_155' title='bbox 851 2820 931 2900; x_wconf 86' lang='lat' dir='ltr'>satis,</span> <span class='ocrx_word' id='word_1_156' title='bbox 1025 2887 1027 2891; x_wconf 63' lang='grc'>,</span> <span class='ocrx_word' id='word_1_157' title='bbox 1288 2851 1320 2900; x_wconf 78' lang='lat'>30</span> 
     </span>
     <span class='ocr_line' id='line_1_31' title="bbox 342 2906 1204 2994; baseline 0.001 -25"><span class='ocrx_word' id='word_1_158' title='bbox 342 2906 422 2970; x_wconf 93' lang='lat' dir='ltr'>vnde</span> <span class='ocrx_word' id='word_1_159' title='bbox 446 2908 504 2994; x_wconf 90' lang='lat' dir='ltr'>hijs</span> <span class='ocrx_word' id='word_1_160' title='bbox 526 2909 654 2970; x_wconf 89' lang='lat' dir='ltr'>honeste</span> <span class='ocrx_word' id='word_1_161' title='bbox 675 2907 794 2969; x_wconf 91' lang='lat' dir='ltr'>victum</span> <span class='ocrx_word' id='word_1_162' title='bbox 817 2921 848 2969; x_wconf 93' lang='lat' dir='ltr'>et</span> <span class='ocrx_word' id='word_1_163' title='bbox 870 2907 1015 2969; x_wconf 85' lang='lat' dir='ltr'>vestitum</span> <span class='ocrx_word' id='word_1_164' title='bbox 1038 2906 1204 2988; x_wconf 78' lang='lat' dir='ltr'>praebeam.</span> 
     </span>
     <span class='ocr_line' id='line_1_32' title="bbox 343 2991 774 3075; baseline 0 -19"><span class='ocrx_word' id='word_1_165' title='bbox 343 2991 423 3057; x_wconf 92' lang='lat' dir='ltr'>filius</span> <span class='ocrx_word' id='word_1_166' title='bbox 445 2996 469 3057; x_wconf 92' lang='lat' dir='ltr'>is</span> <span class='ocrx_word' id='word_1_167' title='bbox 490 2995 567 3057; x_wconf 90' lang='lat' dir='ltr'>mihi</span> <span class='ocrx_word' id='word_1_168' title='bbox 590 3009 635 3057; x_wconf 93' lang='lat' dir='ltr'>est</span> <span class='ocrx_word' id='word_1_169' title='bbox 657 2994 774 3075; x_wconf 89' lang='lat' dir='ltr'>vnicus,</span> 
     </span>
     <span class='ocr_line' id='line_1_33' title="bbox 342 3080 994 3164; baseline 0 -20"><span class='ocrx_word' id='word_1_170' title='bbox 342 3082 391 3144; x_wconf 91' lang='lat' dir='ltr'>cui</span> <span class='ocrx_word' id='word_1_171' title='bbox 416 3080 555 3164; x_wconf 88' lang='lat' dir='ltr'>relinquo</span> <span class='ocrx_word' id='word_1_172' title='bbox 578 3103 646 3144; x_wconf 86' lang='lat' dir='ltr'>mea</span> <span class='ocrx_word' id='word_1_173' title='bbox 667 3101 737 3163; x_wconf 85' lang='lat' dir='ltr'>quae</span> <span class='ocrx_word' id='word_1_174' title='bbox 761 3081 858 3143; x_wconf 89' lang='lat' dir='ltr'>habeo</span> <span class='ocrx_word' id='word_1_175' title='bbox 880 3081 994 3144; x_wconf 90' lang='lat' dir='ltr'>omnia.</span> 
     </span>
     <span class='ocr_line' id='line_1_34' title="bbox 341 3164 1162 3252; baseline -0.002 -20"><span class='ocrx_word' id='word_1_176' title='bbox 341 3167 506 3250; x_wconf 88' lang='lat' dir='ltr'>Equidem,</span> <span class='ocrx_word' id='word_1_177' title='bbox 531 3168 733 3247; x_wconf 91' lang='lat' dir='ltr'>Ferdinande,</span> <span class='ocrx_word' id='word_1_178' title='bbox 756 3169 828 3252; x_wconf 87' lang='lat' dir='ltr'>quia</span> <span class='ocrx_word' id='word_1_179' title='bbox 850 3189 975 3229; x_wconf 89' lang='lat' dir='ltr'>mecum</span> <span class='ocrx_word' id='word_1_180' title='bbox 998 3164 1162 3251; x_wconf 86' lang='lat' dir='ltr'>magnifice</span> 
     </span>
     <span class='ocr_line' id='line_1_35' title="bbox 340 3254 1112 3338; baseline 0.001 -20"><span class='ocrx_word' id='word_1_181' title='bbox 340 3256 383 3318; x_wconf 87' lang='lat' dir='ltr'>sic</span> <span class='ocrx_word' id='word_1_182' title='bbox 405 3256 485 3317; x_wconf 91' lang='lat' dir='ltr'>visus</span> <span class='ocrx_word' id='word_1_183' title='bbox 506 3277 538 3318; x_wconf 93' lang='lat' dir='ltr'>es</span> <span class='ocrx_word' id='word_1_184' title='bbox 560 3276 657 3338; x_wconf 90' lang='lat' dir='ltr'>agere,</span> <span class='ocrx_word' id='word_1_185' title='bbox 680 3270 819 3317; x_wconf 86' lang='lat' dir='ltr'>amantes</span> <span class='ocrx_word' id='word_1_186' title='bbox 841 3276 904 3316; x_wconf 95' lang='lat' dir='ltr'>non</span> <span class='ocrx_word' id='word_1_187' title='bbox 928 3254 1112 3319; x_wconf 88' lang='lat' dir='ltr'>disiunxero.</span> 
     </span>
     <span class='ocr_line' id='line_1_36' title="bbox 342 3339 1092 3425; baseline 0 -20"><span class='ocrx_word' id='word_1_188' title='bbox 342 3341 514 3425; x_wconf 88' lang='lat' dir='ltr'>despondeo</span> <span class='ocrx_word' id='word_1_189' title='bbox 536 3342 590 3404; x_wconf 93' lang='lat' dir='ltr'>tibi</span> <span class='ocrx_word' id='word_1_190' title='bbox 614 3362 727 3422; x_wconf 90' lang='lat' dir='ltr'>meam,</span> <span class='ocrx_word' id='word_1_191' title='bbox 751 3340 802 3404; x_wconf 84' lang='lat' dir='ltr'>illa</span> <span class='ocrx_word' id='word_1_192' title='bbox 823 3342 846 3404; x_wconf 92' lang='lat' dir='ltr'>si</span> <span class='ocrx_word' id='word_1_193' title='bbox 870 3340 962 3422; x_wconf 88' lang='lat' dir='ltr'>volet,</span> <span class='ocrx_word' id='word_1_194' title='bbox 985 3339 1092 3405; x_wconf 86' lang='lat' dir='ltr'>filiam.</span> 
     </span>
     <span class='ocr_line' id='line_1_37' title="bbox 342 3427 593 3491; baseline 0 -1"><span class='ocrx_word' id='word_1_195' title='bbox 342 3429 395 3490; x_wconf 89' lang='lat' dir='ltr'>Ah</span> <span class='ocrx_word' id='word_1_196' title='bbox 418 3427 501 3491; x_wconf 89' lang='lat' dir='ltr'>volet</span> <span class='ocrx_word' id='word_1_197' title='bbox 521 3430 593 3491; x_wconf 91' lang='lat' dir='ltr'>scio.</span> 
     </span>
     <span class='ocr_line' id='line_1_38' title="bbox 605 3511 947 3600; baseline 0.003 -25"><span class='ocrx_word' id='word_1_198' title='bbox 605 3511 659 3577; x_wconf 90' lang='lat' dir='ltr'>fiet</span> <span class='ocrx_word' id='word_1_199' title='bbox 681 3535 763 3600; x_wconf 88' lang='lat' dir='ltr'>ergo,</span> <span class='ocrx_word' id='word_1_200' title='bbox 788 3513 947 3596; x_wconf 85' lang='lat' dir='ltr'>Erophile,</span> 
     </span>
    </p>
   </div>
   <div class='ocr_carea' id='block_1_13' title="bbox 0 0 1534 4275">
    <p class='ocr_par' dir='ltr' id='par_1_19' title="bbox 0 0 1534 4275">
     <span class='ocr_line' id='line_1_39' title="bbox 0 0 1534 4275; baseline 0 2"><span class='ocrx_word' id='word_1_201' title='bbox 0 0 1534 4275; x_wconf 95' lang='lat' dir='ltr'> </span> 
     </span>
    </p>
   </div>
  </div>
 </body>
</html>
