3059 4275
211 531 263 614 68
505 529 786 612 TEXTUAL
826 529 1016 611 NOTES

325 727 470 779 ΜΝ.
500 728 517 794 J
534 727 657 778 omittam.

306 790 904 858 erthislineJhasthesollowingpassage:

521 1119 597 1168 Hanc
613 1118 660 1168 tibi
677 1119 862 1169 excusationem

391 1183 480 1249 Nuper
496 1184 568 1249 Fabij
586 1183 709 1248 parasitus
724 1184 853 1249 praeripnit

277 1250 354 1301 Pam.
391 1249 475 1313 Quem
491 1256 518 1299 tu
534 1248 671 1314 parasitum
687 1264 774 1299 narras
789 1248 928 1311 [corrected
944 1248 1009 1298 from
1026 1248 1161 1299 ‘nominas
1169 1249 1189 1311 ⁹]
1206 1250 1256 1301 mii

279 1316 322 1367 Go.
391 1315 558 1366 Communem
574 1314 646 1363 illum
662 1314 704 1365 hic
720 1314 747 1365 in
763 1314 890 1380 proximo,-
905 1313 988 1380 itaque
1006 1321 1116 1365 veterem
1133 1315 1235 1366 credidi

277 1382 354 1432 Pam.
390 1396 447 1431 mea
463 1388 516 1431 erat

280 1447 323 1497 θα.
519 1445 596 1496 fertur
612 1444 727 1510 inprimis

212 1522 230 1578 9
278 1511 348 1577 quid.
379 1510 541 1576 Jquicquid.

279 1574 352 1626 min’.
383 1575 482 1641 Jmea.

212 1641 245 1707 pfl
277 1642 338 1691 Hac
353 1647 416 1690 sient
430 1642 495 1691 dona
511 1641 670 1691 tentatoria.
704 1640 797 1691 CHic
814 1647 871 1691 sunt
889 1638 1043 1691 triobularia.

138 1709 149 1725 ⁹
276 1707 499 1772 quadrantularia.
530 1705 748 1772 Jquadrantaria.

215 1783 261 1825 101
294 1772 339 1821 At.
374 1772 497 1836 Catque.

293 1836 388 1901 oedr'pol.
422 1835 549 1901 Jedulia.

215 1914 264 1955 112
295 1909 319 1953 et
335 1909 363 1951 tu
380 1901 445 1960 item
455 1902 543 1968 salia.
574 1900 677 1967 Jgives
693 1901 764 1952 these
780 1900 864 1951 words
880 1908 908 1951 to
924 1901 1080 1953 Fredericus.

214 1978 263 2033 124
335 1968 359 2017 'd
371 1974 414 2028 est,
433 1974 469 2017 est
483 1967 584 2017 cholica.
615 1967 710 2032 Jquid
728 1966 822 2032 optica.

214 2044 262 2098 129
344 2033 395 2083 ‘ves
412 2032 463 2083 this
479 2032 530 2082 line
546 2038 574 2082 to
592 2032 769 2109 Pantomagus.

214 2107 262 2166 137
352 2098 430 2149 imula
446 2098 550 2149 rimatur
610 2097 638 2163 p]
654 2096 758 2163 cuspide
773 2104 865 2149 cuncta
879 2097 961 2149 viator

277 2165 345 2230 quod
359 2163 492 2281 malmfc
508 2179 559 2241 quo
588 2180 603 2214 a
622 2163 669 2213 ‘d’
686 2162 800 2229 possibly
816 2163 977 2227 obliterated]
993 2162 1069 2214 mala.

454 2246 462 2278 1
513 2245 540 2278 rn
573 2263 579 2278 .

214 2229 382 2361 iss-ftiesqus
397 2245 443 2358 eff
463 2229 570 2344 ι11811010]
576 2293 686 2344 inserted
702 2293 774 2344 these
790 2294 882 2344 words.

215 2369 263 2428 147
295 2378 312 2412 a
327 2377 393 2410 cana
404 2366 587 2476 proficiuntur.
618 2360 634 2423 J
651 2359 685 2408 ad
702 2374 801 2410 coenam
817 2367 1002 2424 praeponentur.

216 2435 262 2492 151
297 2425 371 2478 After
386 2426 437 2477 this
473 2441 504 2476 ne
519 2425 535 2490 J
552 2425 598 2474 has

500 2492 557 2541 Tua
573 2490 641 2541 enim
657 2490 747 2540 vmbra
762 2489 856 2541 accedo
872 2490 906 2540 ad
922 2506 1029 2542 coenam.

653 2668 715 2719 Act·
732 2668 771 2718 ΙΙ.
805 2667 847 2719 Sc.
865 2686 889 2731 4.

218 2800 250 2842 10
277 2790 449 2855 percommode.
484 2787 734 2853 Jperaccommode.

218 2852 249 2906 1⁶
281 2854 365 2919 Lucij.
398 2853 516 2919 JAEnej.

218 2931 250 2986 19
282 2919 338 2970 Tm
354 2919 405 2970 line
421 2919 443 2970 is
460 2918 572 2984 wanting
587 2918 615 2969 in
629 2919 655 2984 J.

216 2995 250 3050 23
282 2987 370 3050 Atque.
407 2983 502 3049 Query,
521 2985 570 3034 ‘At
587 2980 673 3049 quod!

652 3154 713 3204 Aer
730 3154 769 3204 II.
803 3153 844 3206 Sc.
865 3169 887 3219 5.

219 3277 251 3319 10
282 3266 446 3318 Hilamiarem.
481 3267 567 3331 JHic
583 3269 732 3320 suaviorem.
826 3330 828 3332 q

218 3343 252 3385 20
277 3338 367 3398 posset.
432 3332 518 3397 possit.

218 3408 253 3516 3
283 3399 386 3448 interme
403 3398 463 3447 iam.
496 3398 739 3449 Csubtermediam.

284 3464 358 3514 solus.
393 3462 521 3513 Csolum.

219 3541 253 3595 44
286 3528 496 3594 Stage·direotion
513 3528 625 3594 wanting
640 3529 667 3579 in
684 3530 715 3581 C.
