3059 4275
179 538 264 603 Aer.
281 555 312 622 ς,
331 539 378 604 Sc.
395 537 443 623 2⁸]
560 528 909 608 HYMENAEUS

181 722 271 808 Alph.
313 723 425 788 Vidisti
449 724 506 785 hac
529 737 622 786 nocte
644 724 677 785 in
700 723 783 786 hisce
805 723 922 787 aedibus
944 721 1153 807 Erophilum?

313 811 388 894 quid
411 810 583 895 lachrymas
605 809 731 873 fundis?

212 897 252 962 ul.
744 896 817 977 vidi,
840 899 883 960 mi
906 912 1001 980 pater.

180 984 270 1067 Alph.
312 985 384 1069 Jam
406 984 477 1048 illoc
499 983 592 1047 verbo
615 984 690 1046 mihi
715 984 845 1066 disrupit
865 986 990 1049 viscera.

314 1087 345 1134 et
368 1074 400 1134 in
423 1093 492 1134 mea
514 1070 607 1134 domo
630 1087 772 1135 mortuus
792 1087 838 1134 est
859 1070 959 1135 adeo?

183 1156 252 1246 Jul.
313 1158 434 1222 Fateor.

182 1244 271 1328 Alph.
451 1244 542 1309 Eheu
564 1267 627 1328 quo
649 1245 789 1308 redactus
809 1268 879 1308 sum
902 1246 1002 1309 miser.

314 1355 333 1396 ο
355 1333 465 1396 domus
486 1332 644 1416 quondam
667 1333 784 1415 probris
806 1355 911 1413 vacua,

313 1442 399 1483 nunc
421 1419 543 1483 sceleris
565 1418 655 1501 plena
678 1419 709 1481 in
734 1441 785 1481 me
808 1419 934 1483 tandem
958 1442 1022 1483 rue.

313 1507 365 1570 sed
387 1521 421 1569 vt
443 1522 584 1569 mortuus
606 1522 660 1587 est,
683 1505 753 1568 volo
776 1528 969 1593 cognoscere.

242 1642 250 1658 .
310 1593 398 1667 Quid
419 1616 476 1680 ego
499 1608 584 1675 pater
606 1592 713 1679 longos
734 1614 854 1657 amores
876 1594 1054 1676 praedicem,

313 1682 424 1765 quibus
446 1702 497 1743 me
519 1678 614 1743 solam
638 1682 724 1743 vivus
745 1680 905 1744 coluerat?
1257 1712 1289 1759 50

316 1769 358 1831 ita
380 1789 431 1830 me
452 1768 577 1847 amavit,
600 1781 633 1830 vt
655 1766 880 1831 adolescentem
904 1769 1034 1851 probum
1057 1769 1170 1849 decuit,

313 1869 345 1918 et
367 1877 424 1939 ego
448 1853 535 1916 illum
558 1869 675 1936 contra,
698 1871 731 1917 vt
754 1877 807 1937 par
829 1871 893 1918 erat
915 1857 1077 1940 virginem.

314 1942 389 2026 quid
411 1940 532 2004 multa?
569 1941 706 2004 futuram
729 1964 857 2005 vxorem
880 1964 981 2006 meam
1004 1944 1139 2026 astringo
1161 1940 1265 2006 fidem.

315 2027 372 2091 Ille
394 2027 431 2091 ad
455 2050 506 2091 me
528 2043 620 2091 nocte
643 2029 700 2091 hac
722 2030 847 2092 accessit
870 2030 1018 2111 proxima.

313 2139 412 2200 quum
435 2116 570 2198 primum
593 2114 738 2180 conclave
761 2137 868 2180 meum
892 2117 1071 2205 ingreditur,
1256 2143 1287 2193 55

316 2205 348 2266 in
372 2204 503 2266 fenestra
524 2225 635 2286 aquam
658 2226 731 2266 cum
754 2204 870 2268 videret
892 2226 1056 2285 rosaceam,

314 2291 396 2354 sitire
418 2313 449 2354 se
473 2289 561 2368 dixit,
584 2306 616 2353 et
638 2292 773 2373 epotavit
795 2290 886 2355 illico.

314 2392 383 2440 tum
405 2399 478 2440 vero
500 2378 579 2440 visus
601 2376 734 2440 dormire
755 2379 897 2459 suaviter,

315 2487 374 2528 nec
396 2480 462 2547 post
486 2462 516 2526 id
538 2485 674 2547 vnquam
697 2464 811 2549 vigilat.

314 2549 389 2634 Jam
411 2574 479 2638 ego,
502 2567 596 2633 pater,
619 2573 676 2638 ego
698 2574 788 2615 causa
810 2552 901 2615 huius
922 2551 1084 2637 infortunij
1255 2564 1289 2616 60

314 2638 436 2702 nullum
458 2660 565 2702 recuso
587 2653 641 2702 aut
663 2639 808 2721 deprecor
830 2639 1026 2722 supplicium,

315 2727 391 2809 quin
414 2724 494 2788 vltro
516 2728 607 2807 cupio
630 2748 681 2790 me
704 2727 768 2790 eius
790 2727 897 2789 mortis
919 2747 1026 2808 poenas
1047 2726 1189 2809 pendere.

245 2861 252 2876 .
314 2814 369 2876 An
392 2814 488 2875 vitam
511 2814 625 2896 eripere
647 2836 726 2897 aqua
748 2835 868 2876 rosacea
890 2812 1013 2895 potuit?

183 2896 214 2988 J
245 2947 253 2964 .
315 2900 439 2983 Nempe
460 2898 544 2963 aliud
565 2899 643 2963 nihil
666 2917 793 2964 aecastor
815 2900 918 2965 habui.

243 3010 265 3051 .·
315 2984 422 3050 Nimis
444 2986 620 3050 mirandum
642 3009 755 3070 narras,
778 3002 810 3050 et
831 2989 917 3051 omni
941 2988 1040 3052 maius
1061 2987 1131 3051 iide.
1256 3000 1288 3066 65

245 3121 253 3138 .
316 3073 406 3147 Quin
429 3096 501 3158 ergo
523 3096 541 3136 a
563 3096 614 3137 me
635 3074 820 3157 supplicium
843 3075 969 3157 poscito.

314 3182 435 3223 summe
458 3183 515 3245 ego
538 3162 657 3242 misera,
680 3177 744 3224 tam
768 3161 824 3223 diri
847 3184 937 3225 causa
958 3160 1041 3226 mali.

184 3246 274 3331 Alpi.
316 3247 443 3311 Summe
466 3270 523 3332 ego
546 3249 692 3329 miserior,
713 3249 767 3332 qui
790 3247 884 3311 talem
906 3247 1001 3312 filiam
1023 3250 1128 3334 genui.

185 3334 253 3399 Fer.
317 3333 375 3398 Sed
392 3356 514 3399 summe
532 3357 589 3421 ego
610 3337 807 3416 miserrimus,
825 3337 878 3418 qui
896 3334 996 3399 filium
1015 3337 1142 3399 vnicum
1163 3334 1289 3417 perdidi.

184 3420 273 3504 Alph.
314 3421 435 3487 Iintro
457 3420 582 3485 familiae
604 3421 686 3485 labes
706 3444 741 3485 ac
764 3421 896 3485 dedecus
919 3437 991 3486 tuae.
1259 3449 1291 3502 7⁰

185 3507 252 3573 Fer.
316 3508 406 3582 Quin
428 3523 470 3592 te,
494 3508 665 3592 Alphonse,
687 3511 814 3573 obsecro
836 3511 900 3573 eius
923 3531 1046 3572 causam
1068 3510 1151 3572 necis
