3059 4275
208 3169 279 3235 Ero.

601 539 950 618 HYMENAEUS
1071 551 1170 635 [Aer.
1191 571 1219 636 1,
1236 552 1282 618 Sc
1299 558 1328 633 5·

353 753 458 795 annon
474 734 582 798 doctus
597 734 690 798 satis?
713 758 808 799 nemo
822 735 982 819 (inquam)
996 757 1028 798 se
1045 735 1147 799 iudice
1162 736 1291 802 doctior.

352 819 413 881 iam
436 842 494 903 ego
517 822 583 903 tibi,
606 822 779 904 Alphonse,
802 824 925 904 nuntie,

354 928 393 968 ne
415 908 521 989 primis
543 909 628 971 hunc
650 907 741 973 labris
762 925 897 993 gustasse
919 908 1028 973 literas.

354 993 400 1056 At
422 1016 481 1078 ego
503 996 635 1079 (inquit)
658 996 695 1059 de
718 997 853 1078 corporis
875 996 1005 1059 humani
1028 996 1155 1078 fabrica,

353 1080 498 1163 praeclare
520 1083 780 1146 sermocinantem
802 1105 875 1146 eum
898 1105 979 1166 saepe
1001 1084 1117 1165 audivi,
1298 1112 1326 1165 55

351 1189 410 1231 nec
432 1169 524 1231 credo
545 1170 628 1252 quod
651 1170 736 1233 dicis.
776 1192 838 1254 ¹ego
860 1171 882 1233 si
907 1185 1108 1254 aegrotavero,

350 1277 401 1318 me
424 1254 467 1318 illi
490 1257 613 1319 credam
636 1279 699 1339 prae
722 1258 843 1320 cunctis
866 1255 993 1342 Patavij.

349 1343 401 1405 sed
425 1364 488 1406 non
512 1345 571 1406 hoc
593 1366 711 1427 quaero,
735 1345 912 1426 perveniam
934 1366 998 1427 quo
1018 1341 1099 1408 volo.

350 1430 511 1494 indoctum
534 1452 596 1494 esse
619 1431 701 1494 dicis.
732 1431 812 1493 dico.
842 1445 874 1494 at
896 1430 1062 1514 opulentus
1083 1446 1139 1513 est,

349 1539 414 1580 non
437 1539 526 1601 nego.
572 1532 603 1581 et
626 1540 727 1581 meam
750 1518 945 1581 vniceamat
967 1517 1095 1602 Juliam.
1293 1534 1325 1587 60

348 1604 467 1667 vtinam
491 1605 560 1667 haec
584 1604 671 1668 illum
694 1605 828 1668 vicissim
850 1620 967 1667 amaret
988 1604 1106 1686 stolida,

349 1704 418 1753 tum
440 1689 549 1753 stolida
570 1691 716 1755 stolidum
740 1692 874 1755 invicem
896 1692 1055 1775 (inquam)
1077 1691 1251 1776 diligerent.

349 1779 408 1840 hoc
429 1777 481 1841 vbi
504 1777 573 1841 dico
597 1779 690 1842 iratus
712 1779 788 1864 abijt
811 1777 903 1842 illico.

281 1910 288 1927 .
348 1863 406 1928 Tu
421 1887 495 1928 vero
516 1866 641 1928 obsecro
662 1865 777 1946 adiuta,
800 1864 943 1946 Camille,

344 1973 408 2034 quo
431 1951 507 2015 mihi
530 1974 603 2015 curn
626 1952 676 2015 illa
699 1952 844 2036 loquendi
867 1951 920 2016 fiat
942 1953 1040 2035 copia.

297 2085 304 2102 .
347 2038 457 2103 Inveni
479 2038 574 2120 viam,
596 2037 660 2121 fiet,
682 2062 723 2102 ne
745 2054 875 2103 metuas.

348 2125 428 2209 Fiet,
451 2125 637 2209 respondes?
667 2126 791 2210 respiro,
814 2126 890 2190 cedo
912 2149 1053 2191 manum.

348 2212 399 2278 En
422 2213 567 2297 spondeo,

603 2314 634 2364 et
656 2324 715 2388 ego
736 2323 787 2364 me
809 2301 906 2364 vitam
928 2301 983 2364 tibi
1007 2301 1117 2365 debere
1139 2302 1317 2386 respondeo.

345 2388 396 2451 sed
419 2388 543 2472 quando
564 2404 618 2453 aut
640 2411 703 2472 quo
724 2386 778 2451 fiet
801 2390 860 2451 hoc
884 2387 1000 2467 modo?

295 2522 302 2538 .
348 2474 411 2539 Vel
433 2498 518 2558 mox,
541 2492 634 2560 atque
655 2476 726 2539 audi
749 2497 840 2558 porro
862 2475 1012 2538 ordinem.
1285 2503 1318 2558 ⁷0

344 2564 435 2626 hodie
456 2586 549 2626 senex
572 2563 624 2626 dat
646 2561 794 2644 natalitia,

343 2651 392 2714 cui
416 2649 621 2737 gratificatum
643 2649 760 2732 aliquot
784 2649 827 2712 ire
849 2648 1048 2730 decrevimus,

341 2752 375 2801 vt
398 2736 549 2820 personati
572 2759 610 2799 ex
632 2758 719 2799 more
741 2736 890 2799 ducamus
911 2737 1045 2801 choreas.

343 2825 411 2887 Hos
433 2824 514 2886 inter
536 2839 603 2886 tute
624 2824 759 2906 accedas,
783 2821 941 2907 Erophile,

340 2926 546 2993 praeterquam
568 2911 621 2973 vni
645 2910 721 2972 milri
745 2911 921 2994 incognitus
943 2909 1076 2992 reliquis,
1284 2942 1315 2996 7⁵

341 3019 398 3081 ego
422 2996 603 3060 familiarem
626 2996 684 3060 illis
703 3014 737 3081 ‚te
759 2997 860 3060 dicam
883 3019 999 3060 meum.

339 3101 453 3148 caetera
475 3106 569 3147 nemo
591 3099 645 3166 est,
668 3085 721 3167 qui
745 3083 1002 3167 velit'requirere.

340 3170 374 3236 Ο
395 3170 529 3236 Camille
547 3171 602 3252 mi,
618 3170 691 3234 nolo
713 3187 745 3234 te
767 3193 871 3234 coram
895 3172 926 3233 in
949 3193 983 3233 os
1005 3169 1139 3253 laudare,
1161 3172 1313 3260 [largiter‚

337 3259 389 3321 sed
413 3280 573 3341 nunquam
599 3258 767 3341 quicquam
795 3259 826 3320 in
853 3256 976 3321 laudern
1002 3272 1090 3321 tuam
1116 3258 1224 3344 loquar
1246 3277 1313 3328 tam

337 3346 413 3428 quin
437 3360 490 3407 tua
513 3343 541 3407 id
565 3367 659 3408 omne
681 3361 802 3427 superet
823 3345 968 3408 amicitia.
1280 3366 1315 3417 80

209 3432 295 3496 Cam.
341 3431 399 3496 Me
423 3432 455 3493 in
478 3454 569 3514 opera
591 3432 763 3515 praestanda
785 3452 911 3514 segnem
933 3453 997 3494 esse
1019 3446 1108 3496 vetus
1129 3448 1212 3498 vetat

335 3518 481 3584 amicitia.
526 3534 579 3583 aut
603 3520 652 3583 hic
675 3534 728 3582 aut
750 3518 821 3582 alibi
845 3540 909 3596 ero,
932 3536 965 3581 vt
988 3540 1039 3584 me
1060 3519 1153 3584 voles.
