3059 4275
587 524 938 603 HYMENAEUS
1055 532 1155 616 [Aer.
1175 550 1204 613 1,
1220 527 1315 611 Sc4·

338 717 396 782 Tu
419 740 500 800 vero,
524 719 643 799 Venus,
666 741 778 781 navem
801 718 844 782 sic
867 740 970 781 meam
992 716 1099 800 dirige,
1286 742 1317 794 30

339 820 372 867 vt
395 804 517 867 nullum
540 807 652 869 amoris
675 807 871 889 naufragium
894 806 1001 888 patiar.

339 892 436 954 Nunc
459 892 496 954 ad
520 891 692 957 Camillum
716 894 767 955 ibo
789 894 926 955 amicum
950 891 1026 954 mihi
1048 890 1191 970 vnicum,

340 978 370 1040 in
394 1000 431 1040 eo
454 980 555 1042 omnis
576 1002 642 1062 spes
666 978 782 1062 reliqua
804 995 849 1041 est
872 980 960 1041 mihi.

338 1086 410 1128 eum
436 1080 571 1147 paternae
596 1066 679 1128 domi
703 1088 791 1149 spero
815 1068 971 1146 invenero,

336 1173 400 1234 quo
423 1151 642 1216 Pantaleonem
666 1154 881 1236 pedissequum
904 1151 1039 1235 praemisi
1063 1172 1183 1232 meum,
1286 1177 1315 1228 35

338 1253 372 1302 vt
395 1238 437 1302 illi
462 1241 585 1302 nuntiet
609 1262 659 1302 me
683 1239 771 1302 illum
795 1241 960 1302 convenire
982 1260 1106 1321 cupere.

339 1325 396 1390 Sed
420 1343 572 1408 oportune
595 1349 705 1390 eccum
728 1328 863 1407 advenit,
886 1342 980 1409 atque
1002 1348 1063 1388 vna
1085 1323 1246 1405 Pantaleo,

338 1434 459 1496 nequeo
482 1435 532 1477 me
555 1415 725 1495 continere,
748 1415 824 1496 quin
850 1414 932 1496 prius
953 1413 1072 1477 adeam.

528 1610 642 1683 Aer.
675 1635 704 1682 1.
759 1611 926 1683 scENA
954 1621 1001 1706 ς’.

483 1785 646 1868 aranas.
695 1786 847 1849 camum.
894 1786 1044 1849 nantario.

272 1970 279 1988 .
339 1923 483 2005 Camille,
506 1924 596 2003 salve,
620 1926 693 1988 vitae
718 1924 881 1988 dimidium
906 1947 996 1987 meae.

341 2010 432 2075 Tum
456 2026 491 2075 tu
514 2010 717 2094 multiplicem
740 2013 835 2074 vitam
859 2013 963 2090 habes,
987 2009 1150 2072 dimidium
1173 2006 1269 2091 Juliae

339 2098 455 2162 iamdiu
479 2098 598 2178 dedisti,
622 2099 786 2162 dimidium
809 2100 871 2181 ipse
894 2097 1035 2182 possides,

340 2186 434 2248 donas
450 2186 612 2249 dimidium
629 2187 715 2248 mihi.
762 2186 814 2248 sed
829 2186 902 2269 quid
920 2186 950 2248 id
966 2200 1022 2265 est,
1038 2184 1121 2268 quod
1137 2206 1189 2246 me
1202 2183 1316 2248 accersi

272 2319 279 2337 .
340 2272 436 2336 Nunc
452 2289 507 2354 est,
524 2273 667 2354 Camille,
683 2274 733 2336 vbi
751 2275 829 2336 vires
843 2273 996 2354 experiare
1012 2289 1090 2349 tuas,
1155 2271 1276 2354 [iubesi
1300 2297 1315 2349 5

339 2375 370 2424 et
392 2361 460 2443 quis
482 2362 530 2441 sis,
553 2361 621 2444 quis
643 2362 746 2440 fueris,
770 2361 839 2443 quis
861 2360 982 2424 futurus
1004 2360 1054 2438 sis,
1079 2358 1203 2422 indices.

289 2494 296 2511 .
344 2447 397 2512 Bis
418 2465 570 2530 exoratur,
593 2449 645 2532 qui
668 2463 811 2510 exoratur
833 2447 906 2510 cito.

339 2534 438 2618 siquid
461 2558 531 2599 mea
552 2558 599 2598 ars
622 2536 677 2598 tibi
702 2535 794 2617 possit
816 2534 947 2613 efficere,

340 2622 457 2705 impera
479 2638 511 2686 et
534 2623 663 2705 impetra
684 2622 765 2704 apud
789 2644 850 2701 me,
873 2619 1032 2704 Erophile.

340 2709 428 2792 proin
451 2725 484 2772 tu
508 2731 616 2773 omnes
638 2710 711 2771 hinc
734 2710 878 2792 ambages
899 2730 1019 2789 amove,

341 2811 372 2858 et
394 2795 468 2878 quid
492 2817 542 2858 me
564 2796 637 2859 velis
661 2796 792 2858 breviter
814 2794 933 2878 expedi.

209 2878 322 2945 Panto.
343 2881 464 2945 Herum
486 2882 561 2965 quid
584 2898 725 2966 torqueat
747 2883 839 2945 nimis
860 2883 952 2965 cupio
974 2903 1169 2965 cognoscere.

209 2964 280 3032 Ero.
341 2969 520 3051 Alphonsus
542 2970 603 3033 suis
625 2993 675 3032 me
699 2970 856 3033 interdixit
880 2969 1007 3032 aedibus.

211 3054 297 3120 Cam.
345 3057 430 3119 Hem
452 3055 546 3140 quid?
574 3056 753 3121 interdixit?

209 3139 280 3205 Ero.
754 3145 884 3224 facturn,
906 3142 1050 3208 Camille.

211 3229 298 3293 Cam.
344 3228 419 3303 Qua
441 3229 559 3315 gratia?

209 3314 280 3379 Ero.
587 3317 817 3401 colloquentem
840 3341 890 3380 me
912 3318 989 3380 vidit
1011 3339 1085 3380 cum
1107 3316 1201 3400 Julia.
1285 3342 1314 3394 ¹⁵

211 3403 297 3467 Cam.
342 3403 573 3488 colloquentem
596 3428 670 3468 cum
691 3405 798 3491 Julia?
828 3405 902 3488 quid
925 3421 993 3467 tum
1017 3403 1141 3487 postea?

209 3489 280 3555 Ero.
341 3489 391 3555 Sic
414 3507 469 3574 est,
493 3507 525 3556 vt
547 3493 646 3573 audis,
669 3493 746 3557 nihil
769 3493 899 3578 cognovi
922 3491 1063 3575 amplius,

543 3736 648 3770 Α
