3059 4275
177 533 262 599 Aer.
277 552 312 617 4,
328 533 377 600 Sc.
392 534 442 619 4⁸]
558 525 916 605 HYMENAEUS,
1232 548 1285 630 47

176 720 262 785 Duu.

179 806 258 872 Cau.

179 980 263 1045 Duu.

181 1068 260 1131 Cau.

180 1153 264 1218 Dure.

180 1326 253 1391 Ero.

590 713 657 782 Vos
679 720 787 801 praeite
810 735 841 781 et
864 720 946 782 viam
968 717 1131 782 ostendite.

309 805 389 870 Non
411 808 454 871 sic
477 822 508 869 te
531 829 583 889 par
605 822 652 869 est
674 806 875 868 immundum
897 805 1077 869 cubiculum
1100 803 1229 889 ingredi,

312 910 499 980 expurgetur
521 894 614 975 prius,
637 907 669 956 et
690 908 867 956 sternantur
888 891 1004 956 lectuli.

309 978 380 1043 Imo
403 1003 506 1061 mane,
528 1003 593 1043 non
615 1002 692 1062 opus
713 995 768 1043 est.

711 1068 806 1130 etiam
821 1068 914 1131 etiam
931 1088 995 1129 non
1011 1066 1158 1150 gravabor
1172 1065 1286 1131 labore.

311 1156 386 1219 Non
409 1152 473 1218 fiet.
519 1155 654 1235 introite,
677 1175 730 1217 vos
752 1154 802 1216 hic
825 1176 876 1217 me
898 1168 1068 1236 expectate,
1255 1167 1287 1231 5⁶

312 1258 344 1305 et
366 1244 451 1305 hunc
473 1256 620 1305 asservate
643 1240 719 1304 dum
742 1262 800 1325 ego
823 1240 922 1303 redeo.

314 1327 489 1392 Pentheum
511 1327 587 1391 olim
610 1328 747 1391 Bacchas
770 1327 927 1410 diripuisse
950 1343 1135 1408 memorant,

313 1431 344 1478 et
366 1438 476 1498 corpus
498 1416 530 1478 in
553 1429 652 1497 partes
674 1415 860 1497 discerpsisse
883 1416 989 1495 varias,

313 1503 390 1566 nihil
413 1517 458 1566 est
480 1517 588 1584 praeut,
601 1524 659 1587 ego
681 1503 787 1564 animo
809 1517 840 1564 et
862 1523 989 1583 corpore
1011 1500 1170 1565 distrahor.
1200 1539 1202 1545 ι
1256 1515 1290 1568 6ο

314 1586 370 1676 Dij
395 1588 593 1670 immortales,
616 1587 773 1671 quidhoc
796 1610 869 1651 nam
893 1588 1022 1652 monstri
1044 1589 1112 1653 esti
1203 1585 1206 1590 ’

314 1675 420 1760 vigilo,
442 1677 524 1756 vivo,
547 1676 644 1754 valeo,
668 1677 762 1758 sapio,

313 1785 372 1827 nec
394 1762 468 1847 quid
491 1764 553 1827 iarn
575 1763 665 1844 facio,
687 1763 800 1846 quidve
823 1763 958 1825 facturus
981 1784 1051 1826 sum
1073 1763 1148 1844 scio,

316 1850 358 1913 ita
379 1872 499 1934 prorsus
521 1849 634 1913 oblitus
655 1872 725 1913 sum
748 1850 820 1912 mei.

243 1985 252 2002 .
313 1936 417 2001 Adibo
438 1938 610 2018 hominem,
633 1953 665 1999 et
685 1936 837 2000 simulabo
859 1937 943 2020 quasi
966 1959 1030 1999 non
1053 1938 1204 2002 noverim.
1258 1951 1290 2017 ⁶5

315 2024 429 2088 salveto
450 2022 598 2104 multum,
620 2023 796 2087 adolescens
816 2025 942 2105 optime.

317 2109 360 2176 Et
383 2126 418 2176 tu
439 2112 581 2176 vicissim.

604 2198 686 2262 Esne
709 2200 836 2263 obsecro
859 2197 1046 2281 Erophilus?

248 2333 256 2350 .
314 2286 403 2360 Quid
425 2301 460 2349 tu
484 2286 513 2348 id
535 2284 670 2369 quaeris?
706 2307 776 2348 sum
798 2308 880 2353 sane.

315 2373 453 2437 Fortasse
476 2373 574 2435 affinis
594 2373 678 2454 huic,
700 2374 754 2456 qui
777 2373 858 2436 hanc
880 2373 977 2436 ambit
998 2372 1139 2456 Juliam?

316 2461 391 2524 Non
413 2459 490 2523 adeo
512 2460 641 2545 miserijs
662 2457 825 2523 effractum
847 2461 989 2523 animum
1012 2483 1096 2547 gero,
1261 2489 1293 2542 7⁰

315 2562 349 2610 vt
371 2546 451 2611 male
475 2548 606 2609 merenti
629 2569 693 2610 non
717 2569 864 2629 reponam
887 2546 978 2612 male.

316 2635 400 2718 quasi
424 2649 459 2696 tu
482 2656 533 2696 me
556 2656 620 2696 non
643 2635 734 2714 noris,
759 2631 905 2698 Gothrio.

246 2768 254 2784 .
315 2718 371 2806 Dij
394 2737 425 2783 te
448 2735 579 2784 servent.
626 2743 716 2784 mene
739 2720 843 2784 nosti?

316 2829 374 2892 ego
396 2823 426 2870 te
450 2830 514 2870 non
536 2808 608 2870 novi
632 2823 696 2871 tam
719 2807 865 2871 ferocem.

317 2916 370 2958 vos
393 2896 486 2958 istum
508 2895 663 2958 asservatis
686 2897 780 2977 probe
802 2911 836 2958 vt
859 2897 1006 2978 praecepit
1028 2896 1197 2961 Duumvir.
1260 2924 1291 2977 75

317 2981 430 3045 licetne
453 2983 507 3045 hos
530 2981 681 3064 appellare
703 2980 852 3046 obsecro?

868 3092 922 3151 per
945 3092 995 3132 me
1017 3070 1144 3154 quidem
1166 3071 1247 3136 licet.

317 3156 449 3219 Hiccine
471 3157 596 3220 obsecro
619 3155 668 3218 fur
690 3171 745 3236 est,
768 3177 864 3239 quem
886 3159 1071 3240 quaerebatis
1094 3157 1209 3222 modo?

253 3290 261 3306 .
318 3240 348 3305 Si
371 3244 404 3305 in
427 3258 457 3305 te
480 3241 626 3323 incidero,
649 3243 732 3326 quod
755 3245 883 3307 meritus
905 3266 936 3307 es
958 3244 1045 3309 feres.

316 3330 470 3412 Nunquid
492 3330 610 3393 evocari
634 3330 707 3393 hinc
729 3331 775 3393 vis
797 3331 876 3394 foras
897 3330 1037 3414 Juliam?

318 3438 335 3478 e
357 3439 376 3480 o
398 3417 479 3479 hanc
501 3417 556 3479 tibi
579 3415 688 3480 lubens
711 3418 862 3498 praestabo
884 3441 1020 3501 operam,
1260 3435 1294 3486 80

318 3504 370 3568 lnc
393 3504 521 3586 habitat,
544 3525 637 3586 prope
660 3519 716 3586 est,
739 3526 780 3567 ne
802 3527 891 3591 nega,
915 3506 975 3569 iam
998 3503 1052 3570 fiet
1075 3505 1098 3568 si
1121 3503 1213 3569 voles.
