3059 4275
210 522 296 588 Acr.
316 543 344 606 1,
360 525 407 590 Sc.
424 526 472 611 2⁵]
593 515 943 594 HYMENAEUS
1293 536 1317 615 9

345 732 440 794 quam
461 711 523 775 alte
544 712 673 775 verbum
696 713 756 774 hoc
779 713 811 773 in
834 733 887 774 cor
910 711 1080 793 penetravit
1103 707 1234 773 meum?

345 797 456 882 Egone
478 814 564 862 tuam
587 814 726 862 metuam
748 799 876 861 demens
897 796 1002 879 fidem,

345 907 418 948 cum
440 888 571 968 animus,
594 908 657 969 quo
680 902 828 967 metuam,
851 884 954 949 nullus
977 901 1022 948 est
1046 885 1077 947 in
1100 906 1237 967 corpore,

344 989 456 1053 praeter
478 988 569 1036 tuum
591 974 686 1054 hunc,
708 995 803 1056 quem
826 988 931 1035 tecum
953 988 1060 1055 gestas,
1082 970 1189 1071 Juliai
1286 1002 1318 1037 ro

345 1058 402 1123 Sed
425 1061 516 1123 missa
539 1062 636 1160 istac,
659 1082 744 1122 nunc
767 1060 850 1143 quod
873 1075 905 1121 te
927 1060 1026 1123 facere
1048 1060 1149 1142 cupio,

344 1147 426 1210 audi.
471 1147 501 1212 Si
521 1149 582 1210 suis
604 1162 688 1229 pater
709 1162 847 1210 assuetus
868 1147 1005 1209 moribus

345 1247 376 1295 te
397 1234 453 1296 sibi
476 1234 530 1297 soli
553 1234 685 1318 postulat
707 1235 819 1315 vivere,

344 1342 402 1383 nec
424 1319 518 1384 libere
539 1343 718 1405 quenquam
741 1336 795 1384 aut
818 1322 929 1384 intueri
952 1335 1007 1384 aut
1028 1318 1152 1403 alloqui,

344 1408 497 1490 profunda
519 1424 622 1488 nocte,
645 1423 749 1493 gratus
771 1430 845 1471 cum
867 1409 960 1491 serpit
981 1429 1081 1490 sopor,

343 1509 397 1557 aut
418 1517 476 1582 ego
498 1511 530 1558 te
551 1494 658 1596 solam,
682 1518 751 1558 mea
772 1494 867 1594 Julia,
890 1495 964 1558 hinc
986 1496 1126 1575 avebam,

343 1596 396 1643 aut
418 1581 529 1645 ancilla
550 1584 741 1664 comitatam,
762 1582 786 1644 si
809 1583 888 1645 forte
911 1581 1062 1645 malueris.

274 1712 282 1729 .
342 1667 410 1749 Eia,
433 1668 621 1752 Erophile,
614 1691 675 1732 ram
698 1669 848 1752 perditam
871 1691 922 1731 me
945 1669 1034 1752 plane
1055 1670 1152 1751 cupis.

343 1751 463 1819 Siccine
486 1755 581 1820 filiam
603 1757 692 1819 decet
714 1757 807 1840 patris
830 1756 960 1819 domum
979 1756 1140 1823 deserere?

341 1858 470 1924 quantas
491 1845 565 1907 hinc
588 1845 665 1927 patri
688 1846 799 1916 creabo
821 1840 976 1907 miserias!

342 1944 410 1992 tum
432 1931 507 2013 quid
530 1931 567 1994 de
590 1932 678 1993 nobis
700 1932 842 1993 homines
864 1931 975 2013 passim
998 1931 1143 2017 garrient,

341 2018 394 2099 qui
417 2019 500 2081 fama
521 2017 622 2081 adhuc
643 2039 763 2100 semper
785 2019 918 2081 viximus
940 2016 1081 2101 integra?

341 2104 426 2168 Nam
448 2127 627 2189 quanquam
651 2105 726 2169 mihi
750 2127 837 2168 meus
858 2105 942 2169 testis
963 2119 1008 2168 est
1029 2105 1161 2187 animus,

341 2207 372 2254 te
394 2208 476 2255 caste
498 2214 617 2256 amores
637 2215 757 2275 semper
779 2192 906 2256 coluisse
929 2215 1023 2274 meos,

341 2293 445 2342 tamen
467 2280 531 2342 vita
553 2281 673 2344 charius
694 2303 811 2342 nomen
834 2280 947 2363 cuique
969 2280 1135 2363 integrum,

339 2386 402 2448 quo
423 2366 518 2429 semel
541 2366 666 2450 dempto
689 2389 753 2430 non
776 2382 821 2430 est
843 2388 898 2430 cur
921 2366 993 2430 velit
1015 2368 1126 2430 vivere.

271 2499 280 2516 .
341 2451 498 2536 Equidem
521 2455 704 2535 benefacis,
727 2470 758 2517 et
781 2470 814 2518 vt
836 2455 965 2536 probam
988 2454 1086 2534 decet,

340 2562 411 2623 quae
436 2540 513 2604 duro
535 2556 600 2605 tam
623 2543 672 2624 pie
695 2543 772 2624 patri
794 2543 978 2625 obsequeris.

340 2627 392 2690 sed
414 2627 489 2690 scin’
512 2628 587 2711 quid
609 2628 723 2712 vulgo?
754 2651 818 2691 non
842 2630 928 2691 novit
950 2644 1070 2712 patrem
1092 2651 1188 2693 amor.

269 2761 277 2778 .
338 2714 490 2778 Amorem
513 2738 633 2778 caecum
657 2738 771 2797 narras,
793 2733 825 2779 at
846 2737 934 2779 meus
955 2715 1048 2796 videt,

340 2816 370 2865 et
393 2801 492 2865 multa
514 2803 662 2886 praevidet
684 2805 798 2884 futura,
821 2804 853 2865 ni
877 2825 992 2885 caveas,
1014 2802 1105 2866 mala.

340 2888 427 2962 Quid
449 2889 473 2952 si
497 2890 590 2952 iratus
612 2912 663 2952 me
685 2912 773 2953 meus
794 2890 911 2952 deserat
933 2905 1029 2972 pater,

339 2997 397 3040 nec
419 2998 506 3039 suam
529 2978 683 3060 impotens
693 2993 849 3077 ‘agnoscat
871 2975 990 3040 filiam?

271 3109 279 3126 .
340 3064 385 3126 At
408 3079 439 3126 te
462 3064 612 3127 desertam
634 3064 764 3146 accipiet
787 3063 963 3164 Erophilus‚

338 3165 370 3213 et
391 3172 479 3214 suam
501 3173 608 3214 amans
628 3167 775 3236 agnoscet
797 3153 972 3237 coniugem
1281 3181 1312 3232 45

269 3283 278 3300 .
338 3236 494 3320 Equidem
516 3254 572 3302 tuo
593 3260 698 3302 amore
721 3238 798 3301 nihil
823 3240 898 3301 mihi
922 3238 1089 3322 augustiuq

338 3346 396 3387 nec
418 3326 501 3408 quod
525 3348 615 3409 aeque
637 3327 778 3389 animum
801 3325 934 3388 oblectet
957 3348 1073 3389 meum.

337 3409 395 3475 Sed
417 3412 537 3495 quid
514 3435 538 3476 s1
561 3429 594 3474 et
616 3428 734 3496 patrem
758 3413 890 3475 retinere
913 3433 1036 3494 possum
1059 3428 1090 3475 et
1114 3410 1311 3495 Erophilum,

338 3519 396 3561 nec
418 3498 548 3563 alterum
571 3500 694 3563 alterius
717 3521 808 3563 causa
829 3498 964 3581 perdere,
