3059 4275
209 522 293 587 Ac‘r.
315 542 343 603 1,
358 520 406 585 Sc.
427 522 472 606 1⁸]
594 509 945 588 HYMENAEUS

211 710 280 774 Got.
343 709 429 774 Cum
451 709 495 773 sol
518 710 689 773 constiterit
713 710 743 771 in
768 710 854 772 iubar
875 708 980 790 altare,

341 795 522 860 atlanticum
546 799 664 860 fervore
687 797 824 882 flagrabit
849 817 942 859 mare.

210 883 319 947 Panto.
344 881 393 947 sic
417 886 563 967 opinabar
585 899 676 947 certe.

211 970 278 1034 Leo.
695 969 793 1051 illum,
817 970 899 1051 here,
922 968 1016 1033 lusisti
1040 968 1158 1033 callide.

210 1057 280 1121 Fre.
341 1055 408 1120 Dat
430 1056 515 1121 beeff
531 1073 582 1121 vte
605 1057 749 1142 segghen.

210 1144 317 1209 Panto.
342 1144 430 1219 Quid
453 1145 538 1226 illud,
562 1142 722 1209 Gothri0?

212 1232 280 1296 Got.
718 1231 770 1294 dat
792 1232 903 1294 bovem
926 1231 1110 1315 saginatum.

210 1318 318 1382 Panto.
343 1316 429 1384 Cui?

212 1406 279 1470 Get.
444 1407 499 1470 tibi
521 1422 555 1469 vt
578 1407 687 1488 opinor
707 1428 769 1468 vna
790 1427 864 1469 cum
887 1405 1040 1469 cornibus.

210 1492 318 1556 Panto.
344 1490 458 1557 Itane?

209 1578 275 1643 Leo.
473 1596 504 1644 te
525 1581 612 1643 seker
633 1595 706 1643 wat.

210 1667 279 1731 Got.
717 1682 747 1729 te
771 1688 893 1730 caecum
916 1667 1071 1748 praedicat.

209 1753 318 1818 Panto.
344 1752 502 1819 Mentitur
524 1755 581 1839 dijs
602 1754 707 1840 gratia.

208 1841 277 1906 Fre.
725 1863 769 1904 nu
792 1842 881 1904 hoort
903 1863 943 1904 en
966 1855 1074 1905 woort.

211 1928 277 1992 Got.
341 1928 429 1992 Nihil
453 1929 557 1992 damni
582 1929 614 1991 in
637 1929 771 1991 cervisia.

208 2015 315 2080 Panto.
792 2014 843 2097 pol
866 2015 966 2078 cted0.

209 2101 274 2167 Leo.
341 2104 386 2167 At
409 2125 450 2166 ne
472 2103 571 2183 crede,
595 2102 795 2187 Pantomage,
819 2101 869 2186 pol
893 2102 1041 2166 mentitur
1063 2118 1096 2166 vt
1120 2102 1266 2167 medicus.

209 2190 317 2255 Panto.
341 2190 440 2272 Itane,
464 2191 565 2271 barde,
589 2212 639 2254 me
662 2191 795 2253 derisum
817 2189 961 2253 advenis?

209 2276 274 2343 Leo.
341 2279 459 2341 Annon
484 2277 554 2340 licet
576 2279 701 2341 obsecro
723 2278 766 2339 vti
790 2275 975 2360 proverbio?
1283 2304 1315 2356 70

210 2363 316 2430 Panto.
339 2363 528 2429 Proverbi0?
557 2380 588 2427 at
611 2386 666 2447 pro
689 2366 748 2427 hoc
770 2365 863 2428 verbo
884 2363 1040 2447 vapulabis
1062 2364 1201 2446 pessime.

210 2453 278 2517 Fre.
342 2453 387 2515 At
409 2453 527 2515 abstine
550 2473 689 2532 manum,
712 2452 842 2533 medice,
864 2452 887 2514 si
911 2453 1016 2534 sapias,

341 2554 372 2603 et
383 2560 457 2602 cura
468 2539 610 2621 teipsum,
621 2561 678 2625 ego
689 2557 810 2602 servum
824 2539 986 2602 defendam
998 2554 1033 2602 ut
1043 2539 1206 2602 dominum
1215 2537 1314 2605 decet.

211 2627 278 2691 Got.
342 2625 432 2690 Voca
454 2625 542 2689 illum
565 2627 707 2712 fungum.

209 2713 316 2778 Panto.
727 2713 803 2797 quid
824 2714 877 2793 ais,
900 2711 1018 2797 funge?

212 2801 279 2865 Got.
342 2798 384 2864 Et
408 2800 563 2864 bibonem.

210 2888 317 2952 Panto.
579 2903 609 2951 et
634 2887 788 2951 bibonem.

212 2975 279 3039 Got.
803 2973 901 3038 Casus
924 2997 978 3056 pro
1000 2996 1081 3038 casu.
1284 3000 1315 3054 75

211 3061 318 3126 Panto.
342 3061 431 3136 Quid
453 3076 522 3125 tum
545 3059 670 3144 postea?

214 3149 280 3213 Got.
342 3148 385 3213 Et
407 3171 549 3232 spumam
571 3149 645 3212 vini.

211 3236 318 3300 Panto.
661 3251 692 3298 et
714 3237 889 3319 s[p]umam
911 3237 984 3300 vini.

212 3322 280 3388 Fre.
343 3323 432 3398 Quid
455 3323 579 3386 dixisti?
612 3325 686 3387 itera
708 3324 783 3387 dum
807 3323 914 3386 eadem
938 3324 993 3386 ista
1015 3322 1102 3385 mihi.
1202 3321 1313 3407 [decet.

213 3410 279 3475 Got.
344 3409 454 3492 Mane,
477 3409 503 3473 F
507 3411 648 3490 rederice,
675 3432 732 3494 ego
758 3410 923 3473 dominum
949 3410 1112 3473 defendam
1138 3425 1172 3472 vt
1193 3431 1316 3474 servum

211 3498 318 3562 Panto.
342 3495 436 3561 Putat
460 3519 510 3561 me
533 3498 612 3560 hanc
636 3498 667 3559 in
691 3519 741 3559 me
763 3511 964 3579 accepturum
988 3494 1155 3560 iniuriam?
1283 3511 1317 3563 80
