3059 4275
206 567 292 632 Aer.
310 582 340 648 5,
356 566 404 631 Sc.
421 566 470 651 2⁸]
586 555 938 634 HYMENAEUS

341 745 426 809 Volo
449 745 478 808 id
502 746 594 829 igitur
619 746 692 808 hinc
715 746 815 828 primo
837 748 1007 830 exquirere,

339 849 408 916 post
429 855 502 896 eum
525 834 645 895 humari
669 834 799 896 honeste
821 835 916 895 etiam
938 833 1019 915 volo,

341 921 373 983 in
397 942 469 983 eum
492 917 587 982 finem
609 921 652 982 sic
674 920 736 982 huc
759 920 860 983 vestiti
883 921 1035 983 venimus.
1285 949 1317 999 30

340 1006 367 1088 Ι,
391 1006 548 1087 Pantaleo,
570 1005 704 1090 aliquem
726 1022 856 1069 evocato
878 1006 966 1088 foras,

341 1095 393 1178 qui
417 1093 459 1156 illi
482 1094 564 1156 dicat
585 1115 637 1156 me
660 1094 826 1155 convenire
849 1116 969 1176 cupere.

209 1181 323 1246 Panto.
342 1180 401 1244 Eo.
446 1180 497 1243 sed
520 1202 591 1243 ecce
614 1180 728 1244 Sannio
751 1179 903 1262 Alphonsi
926 1179 1071 1244 servulus

211 1267 279 1332 Fer.
343 1266 463 1331 Salveto
486 1266 631 1330 multum.
676 1266 818 1350 nunquid
841 1267 993 1349 Alphonsi
1015 1267 1174 1331 servulus?

210 1356 280 1421 San.
342 1353 384 1417 Et
407 1369 442 1417 tu
464 1355 600 1438 quisquis
621 1376 662 1435 eS,
685 1376 755 1417 sum
778 1354 902 1417 hercule
924 1355 1030 1417 fateor.
1283 1381 1313 1433 35

209 1443 278 1507 Fer.
341 1441 431 1515 Quin
455 1442 528 1504 hero
551 1457 606 1503 tuo
628 1443 753 1504 obsecro
776 1441 871 1504 dicito

341 1551 414 1609 esse,
436 1530 489 1611 qui
513 1527 643 1591 libenter
666 1527 754 1590 illum
777 1545 967 1592 conventum
990 1529 1104 1610 cupiat.

210 1615 281 1680 San.
341 1616 433 1679 Hanc
456 1638 520 1678 non
543 1630 665 1698 gravate
687 1636 813 1696 operam
836 1616 915 1680 dabo
937 1616 1004 1680 tibi.

210 1703 278 1767 Fer.
341 1703 445 1766 Nimis
467 1704 572 1782 miror,
594 1703 669 1785 quid
691 1724 889 1783 responsurus
911 1704 950 1766 sit
973 1704 1060 1767 mihi.

341 1788 486 1876 negabit?
522 1790 575 1873 qui
599 1787 721 1871 potest?
757 1789 924 1853 fatebitur?
961 1812 1025 1853 non
1047 1791 1113 1853 sine
1135 1788 1227 1854 malo.
1283 1818 1317 1866 40

209 1876 323 1940 Pania.
342 1877 418 1940 Non
441 1899 498 1963 ego
520 1898 604 1956 eum,
627 1876 709 1956 here,
732 1892 808 1958 puto
831 1878 999 1958 resciscere,

342 1963 424 2047 quod
448 1964 479 2025 in
503 1964 567 2026 istis
589 1961 754 2044 Erophilus
776 1964 868 2026 fuerit
892 1963 1017 2027 aedibus.

341 2052 440 2133 perdis
461 2072 534 2136 ergo
555 2048 683 2134 Juliam,
705 2051 728 2113 si
752 2072 819 2112 rem
842 2051 941 2132 palam
965 2051 1066 2114 facias.

211 2140 280 2204 Fer.
343 2137 431 2212 Quid
447 2139 524 2200 mihi
539 2135 623 2222 Julia
638 2159 701 2219 prae
719 2135 880 2220 Erophilo,
897 2136 1066 2202 Pantaleo?
1092 2136 1196 2222 [Alph.
1210 2135 1316 2200 intrat.

341 2225 393 2289 sed
416 2247 536 2305 eccum,
557 2226 619 2307 ipse
642 2223 767 2287 tandem
789 2227 944 2311 egreditur
966 2225 1054 2290 foras.
1285 2253 1316 2303 45

499 2363 669 2437 Aenus
698 2387 731 2459 ς.
786 2365 953 2437 senuit
980 2377 1028 2438 ν.

382 2481 546 2565 Auianius.
592 2480 805 2545 surianus.
850 2480 1001 2546 naman.
1047 2479 1149 2569 Jura.

212 2588 280 2652 Fer.
343 2585 516 2669 Alphonse‚
538 2583 629 2666 salve,
651 2585 694 2648 sic
717 2600 748 2647 te
770 2586 872 2648 vocari
895 2584 996 2648 audio.

214 2673 302 2759 Alph.
341 2673 384 2738 Et
406 2688 441 2735 tu
463 2673 607 2753 vicissim,
629 2693 817 2755 quocunque
839 2673 956 2735 vocaris
978 2671 1114 2736 nomine.

212 2763 281 2827 Fer.
344 2759 556 2823 Ferdinandus
577 2780 658 2840 sum,
681 2774 772 2821 natus
793 2758 934 2842 altusque
956 2758 1109 2844 Venetijs.

213 2848 301 2932 Alph.
342 2847 416 2910 Non
440 2868 457 2908 e
479 2869 498 2909 ο
520 2861 551 2909 te
573 2847 657 2926 novi,
678 2845 729 2908 sed
752 2847 777 2908 si
802 2847 825 2908 is
846 2847 885 2909 sis
907 2847 1013 2927 modo,

342 2932 432 2996 multi
455 2869 494 2996 de
516 2947 547 2996 te
570 2932 669 2995 multa
690 2932 772 2995 bona
794 2948 978 2997 memorant.

345 3019 402 3084 Pol
423 3020 509 3083 audis
531 3021 620 3083 bene.

214 3109 283 3173 Fer.
639 3106 711 3170 Irno
732 3128 805 3170 vero
828 3105 918 3171 male.

214 3194 303 3279 Alph.
345 3194 412 3268 Qui
435 3192 564 3278 quaes0?

215 3284 284 3347 Fer.
583 3280 669 3354 Quia
691 3278 792 3344 filium
813 3281 905 3344 audio
927 3281 1049 3366 perijsse
1070 3278 1267 3362 Erophilum.

217 3369 306 3453 Alph.
348 3367 448 3433 Tune
470 3369 595 3432 obsecro
618 3391 650 3431 es
672 3383 756 3450 pater
779 3366 951 3450 Erophiloi

216 3458 284 3520 Fer.
960 3455 1037 3518 Non
1058 3476 1139 3536 sum,
1160 3468 1193 3517 at
1215 3452 1270 3517 fui.

217 3542 308 3628 Alph.
347 3544 420 3628 Jam
443 3564 494 3606 me
517 3541 598 3606 aedes
620 3540 663 3604 illi
688 3542 877 3606 interdixisse
899 3541 999 3624 doleo,
