3059 4275
583 520 931 599 HYMENAEUS
1051 528 1150 631 [Ace.
1170 549 1198 613 1,
1214 530 1262 597 Sc
1279 536 1310 617 3·
1356 528 1358 531 ’

337 716 457 779 Natum
480 733 512 781 te
534 716 685 783 Camillus
708 732 860 781 memorat
882 716 1034 802 Venetijs‚

336 818 367 865 et
390 804 451 867 huc
473 826 491 867 a
514 821 599 887 patre
621 807 750 868 missum
773 805 810 868 ad
833 804 962 868 colenda
983 804 1091 867 studia.

338 890 431 953 Haud
453 905 485 955 te
508 914 560 974 par
582 908 627 956 est
648 893 744 955 amori
768 892 840 954 dare
862 913 996 974 operam,

336 976 388 1039 vix
411 977 489 1042 bene
512 981 658 1042 convenit
680 979 796 1042 Veneri
819 1000 892 1041 cum
914 976 1048 1057 Pallade,

337 1085 396 1126 nec
419 1065 524 1129 tehic
546 1081 672 1130 ornatus
693 1088 751 1129 nec
773 1066 900 1129 vestitus
922 1064 1072 1128 condecet

338 1172 495 1215 musarum
518 1153 692 1217 alumnum.
737 1152 828 1215 Tum
850 1175 908 1239 ego
930 1150 1106 1215 valetudine

336 1237 390 1301 vix
411 1255 480 1304 vtor
503 1263 653 1324 prospera,
675 1254 801 1327 gnatam
825 1262 875 1302 me
898 1261 1000 1302 meam
1022 1238 1110 1302 solari
1133 1236 1214 1302 volo.

338 1322 430 1390 Proin
455 1328 530 1391 mihi
554 1328 699 1392 molestus
722 1350 762 1390 ne
784 1328 822 1391 sis
843 1326 986 1409 amplius,

337 1426 390 1477 tua
412 1417 536 1501 negotia
558 1417 649 1502 agita,
673 1437 775 1477 meam
799 1437 839 1477 ne
861 1414 964 1477 turbes
987 1413 1127 1476 domum.
1280 1439 1312 1490 45

270 1544 278 1560 .
340 1498 488 1565 Aecastor
509 1524 583 1565 cum
605 1503 696 1565 verba
719 1503 788 1565 haec
811 1522 935 1563 mecum
957 1500 1127 1581 considero,

338 1587 521 1652 nonnullam
544 1605 575 1653 te
599 1606 673 1672 puto
697 1590 772 1651 mihi
797 1590 895 1652 facere
918 1587 1071 1650 iniuriam.

337 1695 443 1756 quam,
466 1676 521 1739 etsi
544 1698 602 1760 ego
624 1676 734 1761 dignus
757 1698 853 1739 essem
876 1673 1021 1755 maxime,

337 1776 369 1825 at
391 1777 427 1825 tu
449 1763 579 1826 minime
602 1763 721 1847 dignus,
741 1763 912 1845 Alphonse,
935 1762 987 1845 qui
1012 1761 1136 1824 faceres.

337 1846 467 1932 Ignotus
489 1849 618 1913 domum
640 1873 723 1933 saepe
746 1851 806 1912 iam
829 1850 894 1912 viso
916 1865 1013 1929 tuam,
1282 1877 1316 1928 50

339 1932 488 1999 molestus
509 1958 578 1999 sum
602 1936 708 2000 fateor.
753 1954 785 2000 at
805 1936 947 2019 nunquid
970 1936 1073 1999 decuit

338 2022 439 2105 ipsum
462 2037 494 2087 te
517 2025 570 2086 irae
595 2025 773 2087 ministrum
797 2046 860 2086 esse
884 2021 970 2086 tuae?

337 2131 425 2174 servo
446 2111 640 2175 commodius
662 2113 722 2175 hoc
744 2110 957 2175 demandasses
980 2109 1152 2193 negotium,

339 2199 477 2262 hortatus
500 2214 576 2262 esset
599 2201 749 2262 abstinere
774 2200 900 2280 aedibus,

339 2287 514 2368 paruissem.
560 2287 650 2350 Tum
666 2288 734 2371 quis
749 2287 807 2350 sim
823 2301 876 2348 aut
891 2286 972 2348 vnde
987 2306 1051 2348 non
1065 2285 1136 2348 satis
1152 2283 1306 2371 intelligis.

340 2371 397 2438 Est
418 2374 492 2460 (dijs
513 2375 620 2458 gratia)
643 2375 731 2438 cuius
752 2396 816 2437 non
839 2373 933 2456 pudet
955 2387 1050 2455 pater.
1282 2385 1314 2450 56

339 2460 391 2524 sed
412 2484 472 2525 nec
494 2461 544 2525 ille
567 2485 618 2525 me
640 2462 823 2546 dedignatur
845 2459 969 2540 lilium,-

340 2569 398 2612 uec
421 2571 503 2633 aegre
526 2550 598 2613 huic
619 2549 741 2612 vestitui
764 2561 924 2631 sumptum
946 2547 1091 2633 suggerit.

341 2633 399 2698 Sed
421 2636 505 2719 quod
528 2651 620 2719 caput
642 2656 741 2698 causae
765 2650 810 2698 est
833 2650 886 2697 tua
908 2632 980 2716 lilia,

340 2743 396 2785 cur
419 2721 502 2786 illam
526 2744 637 2805 meque
661 2722 734 2784 falsa
755 2722 926 2804 suspicione
949 2718 1078 2785 oneras?
1281 2718 1331 2786 60'

340 2809 394 2871 An
419 2808 461 2872 ita
483 2809 534 2872 hic
556 2810 595 2870 ab
618 2809 760 2872 humanis
782 2809 950 2871 abhorretis
972 2808 1117 2890 moribus,

340 2909 375 2957 vt
396 2896 547 2979 virginem
571 2917 634 2957 non
658 2895 747 2958 liceat
771 2895 883 2958 intueri
906 2910 937 2959 et
960 2895 1117 2979 colloqui?

291 3030 299 3046 .
342 2982 417 3045 Non
440 3004 508 3066 ego,
531 2981 687 3065 Erophile,
712 2983 937 3045 humanitatem
960 2998 1046 3045 tuam
1069 2980 1200 3065 postulo,

340 3069 513 3133 humanum
536 3083 580 3133 est
603 3070 753 3153 virginem
777 3070 888 3133 intueri
911 3085 943 3133 et
965 3068 1109 3153 colloqui,

339 3178 397 3240 ego
420 3178 521 3218 meam
544 3154 639 3218 liliam
662 3158 823 3220 honestam
846 3179 910 3219 non
933 3158 1103 3219 humanam
1126 3155 1206 3219 volo.
1280 3170 1313 3235 65

342 3244 396 3306 An
420 3265 477 3327 ego
500 3243 620 3305 insidias
643 3244 707 3306 eius
730 3244 824 3306 tendo
847 3242 1027 3326 pudicitiael

344 3329 432 3394 Istud
454 3353 495 3393 ne
517 3328 581 3410 liat,
605 3331 666 3412 ipse
689 3352 746 3413 ego
768 3351 886 3393 cavero.

341 3416 444 3498 Proin,
468 3416 624 3500 Erophile,
648 3439 754 3479 meum
777 3418 820 3479 sic
843 3417 954 3481 habeto
976 3418 1130 3499 animum,

340 3505 433 3569 aliam
455 3526 561 3588 quaere
584 3505 723 3585 domum,
747 3524 849 3566 meam
872 3503 1047 3586 relinquito.

466 3744 738 3777 ..μ
