3059 4275
208 566 293 631 Aer.
310 584 341 651 5,
356 567 406 632 Sc.
425 565 473 652 3¹]
589 556 939 636 HYMENAEUS
1266 577 1319 660 59

209 753 279 815 Fer.
342 753 447 818 Certe.

209 838 327 904 Panto.
466 840 592 924 Aquam
616 862 769 903 rosaceum
791 839 976 921 epotandam
999 836 1148 920 Erophilo
1286 862 1322 915 70

341 927 454 992 dedisse
476 950 507 991 se
530 928 623 991 modo
646 927 799 990 fatebatur
820 926 912 1010 Julia.

208 1012 299 1097 Alph.
913 1012 992 1075 Non
1015 1035 1105 1098 nego.

209 1099 323 1165 Panto.
340 1100 400 1164 Me
422 1125 526 1184 eneca‚
549 1103 606 1165 nisi
630 1101 741 1164 medici
763 1123 876 1183 aquam
899 1099 942 1162 illi
966 1101 1098 1163 insciens
1119 1098 1247 1179 dederit,

340 1212 433 1272 quam
457 1189 507 1252 ille
529 1190 673 1271 epotavit,
697 1203 727 1251 et
749 1189 830 1250 visus
851 1202 897 1249 est
918 1202 1069 1250 mortuus.

210 1271 298 1358 Alph.
341 1274 485 1339 Profecto
507 1298 580 1339 cum
602 1297 727 1338 mecum
750 1296 816 1337 rem
840 1274 936 1358 magis
958 1275 1116 1358 magisque
1137 1272 1307 1350 considero,

338 1361 454 1446 aliquid
476 1363 607 1443 videtur,
629 1362 711 1446 quod
734 1363 786 1425 hic
809 1362 883 1424 dicit
905 1359 1062 1424 Pantaleo.
1285 1384 1319 1437 75

340 1449 393 1512 sed
414 1449 613 1534 egrediuntur
636 1451 724 1513 foras.

209 1534 278 1624 Jul.
739 1536 854 1599 Retine
876 1558 927 1598 me
949 1536 1084 1599 obsecro.

207 1622 298 1707 Alph.
339 1622 395 1710 Dij
420 1625 618 1706 immortales,
640 1624 716 1707 quid
739 1624 815 1686 istoc
837 1644 899 1686 esse
921 1621 1055 1705 putem?

340 1712 501 1792 Amerina,
524 1713 574 1774 vbi
598 1711 648 1774 illa
671 1711 797 1773 tandem
819 1732 899 1793 aqua
920 1725 976 1791 est,

339 1820 433 1881 quam
457 1799 510 1861 tibi
533 1798 743 1861 asservandam
767 1795 975 1880 Pantomagus
998 1795 1102 1859 dedit?

208 1883 292 1949 Ame.
342 1885 437 1966 Here,
460 1887 573 1949 nesci0.

207 1970 298 2055 Alph.
574 1973 650 2055 quin
674 1988 704 2035 te
726 1995 835 2035 verum
858 1971 944 2034 fateri
968 1971 1044 2033 mihi
1067 1968 1148 2033 volo.
1282 1985 1319 2034 80

209 2057 291 2123 Ame.
340 2058 420 2123 Eam
444 2060 476 2121 in
499 2058 635 2122 conclavi
658 2058 751 2143 Juliae
775 2062 807 2122 in
832 2060 964 2121 fenestra
986 2058 1116 2140 reposui,

341 2147 420 2210 inter
442 2148 537 2210 varias
559 2147 673 2229 phialas
695 2170 775 2231 aqua
797 2147 901 2231 plenas
923 2167 1054 2225 rosacea,

338 2257 375 2297 ea
396 2233 460 2297 sola
481 2256 573 2297 mane
596 2249 713 2316 reperta
735 2250 781 2298 est
803 2257 908 2314 vacua,

338 2343 433 2404 quam
455 2320 546 2384 credo
568 2336 703 2402 epotasse
725 2320 920 2403 Erophilum.

210 2407 301 2494 Alph.
344 2407 433 2482 Quin
456 2408 590 2490 phialam
613 2409 693 2471 hanc
716 2409 779 2471 cito
801 2406 885 2489 effer,
908 2422 941 2470 vt
963 2405 1094 2469 videam.
1283 2420 1318 2484 85

209 2494 322 2559 Penta.
341 2494 447 2560 Salvus
472 2517 513 2575 es,
537 2496 618 2558 here.

210 2581 277 2647 Fer.
628 2583 851 2665 propemodum
874 2597 907 2644 vt
928 2603 1026 2664 spero.

209 2668 317 2734 Panto.
340 2669 440 2751 Atqui
463 2691 527 2731 non
550 2684 649 2751 potest
672 2671 742 2750 hoc,
764 2670 936 2752 Alphonse‚
960 2666 1037 2749 fieri,

338 2756 435 2819 vitam
457 2758 542 2818 enim
565 2772 595 2818 et
617 2778 740 2820 sensum
763 2755 940 2839 perdidisset
962 2754 1054 2819 illico.

209 2840 323 2906 Panta.
339 2840 382 2906 Et
405 2843 544 2924 perdidit.
591 2859 650 2906 tres
672 2845 757 2906 enim
781 2843 870 2906 illum
893 2865 947 2925 pro
970 2858 1094 2906 mortuo
1116 2841 1295 2923 extulimuS,

340 2928 518 3012 pallentem,
542 2932 703 3016 rigentem,
727 2954 791 2993 non
815 2932 990 2994 trahentem
1011 2931 1164 3013 spiritum,
1281 2959 1318 3011 90

340 3016 417 3079 nihil
439 3018 637 3099 sentientem,
660 3033 692 3081 et
714 3033 817 3081 totum
840 3016 997 3101 frigidum.

339 3104 414 3186 quid
437 3105 512 3167 istoc
535 3105 670 3184 obsecro,
693 3105 822 3185 medice,
846 3104 938 3167 morti
963 3105 1109 3169 interest?

209 3190 315 3255 Panto.
339 3189 428 3264 Quid
450 3192 575 3254 interest
598 3191 707 3275 rogas?
735 3207 890 3275 quantum
912 3191 1008 3255 stulto
1030 3191 1213 3278 intelligens.

209 3277 292 3341 Duu.
337 3275 433 3340 Viam
456 3300 512 3341 nos
533 3300 620 3361 spero
643 3280 785 3361 reperisse
807 3301 911 3361 prope,

339 3386 409 3448 quae
433 3380 463 3427 te
485 3367 571 3428 omni
595 3367 703 3429 mortis
724 3365 861 3448 periculo
884 3364 1001 3430 liberet.
1285 3394 1320 3447 9⁵

208 3452 280 3516 Ero.
337 3450 499 3534 Quicquid
521 3453 645 3515 fortuna
668 3454 754 3533 feret,
777 3468 811 3515 vt
834 3453 946 3516 fortem
969 3452 1076 3517 deceat
1098 3453 1205 3516 feram.

340 3538 419 3601 nihil
440 3560 590 3623 magnum
613 3539 709 3621 ducit,
732 3540 785 3623 qui
808 3541 904 3603 vitam
927 3541 1010 3622 parvi
1034 3539 1119 3604 facit.
