3059 4275
216 555 267 609 22
593 528 943 608 HYMENAEUS
1058 537 1160 621 [ner.
1177 555 1208 621 2,
1222 538 1309 623 δας·
1353 509 1354 518 ¹

503 774 671 847 ncrus
699 795 733 846 2.
789 773 954 846 scnnn
982 784 1029 867 3².

293 930 394 1019 Julia.
439 929 592 996 Amerina.
639 931 843 1081 Paptomaqps.
891 929 1021 995 Gothrio.
1068 932 1246 998 Fredericus.

708 1042 794 1082 eonar
815 1043 854 1082 us.

212 1149 294 1214 Ame.
346 1150 433 1224 Quid
446 1150 520 1213 illud
532 1166 586 1232 est,
597 1150 678 1232 hera,
690 1151 774 1234 quod
786 1150 840 1213 tibi
854 1166 1013 1233 tantopere
1027 1154 1206 1216 succensuit
1218 1150 1315 1237 pater?

344 1260 505 1321 nunquam
528 1260 585 1323 ego
609 1237 696 1300 illum
719 1238 761 1300 ita
783 1254 978 1301 commotum
1002 1240 1144 1321 memini,

342 1326 418 1408 quin
441 1326 483 1388 sic
505 1326 615 1389 exarsit
638 1326 804 1405 iracundia,
828 1340 860 1387 vt
882 1326 1052 1389 minaretur
1073 1348 1201 1411 quoque
1224 1329 1307 1392 mihi.

215 1410 287 1501 Jul.
344 1412 475 1495 Aedipol
498 1414 521 1475 si
545 1413 620 1475 mihi
644 1412 771 1474 debetur
793 1410 878 1493 fides,
901 1412 978 1475 nihil
1000 1428 1055 1494 est,

344 1500 400 1562 nisi
424 1500 506 1582 quod
530 1501 588 1562 boc
611 1500 675 1582 ipso
698 1500 730 1561 in
752 1499 822 1561 loco

344 1585 574 1669 colloquentem
599 1609 648 1648 me
671 1587 745 1649 vidit
769 1608 840 1649 curn
869 1585 1028 1669 Erophilo.

211 1672 294 1737 Ame.
344 1670 507 1735 Paululum
532 1673 560 1736 id
584 1674 709 1757 quidem
733 1689 787 1753 est,
810 1674 861 1736 sed
884 1689 915 1735 te
938 1697 1064 1758 aequum
1088 1689 1143 1756 est,
1169 1676 1252 1761 hera,

343 1782 448 1823 cavere
471 1759 587 1838 sedulo,
611 1762 841 1844 nequicquam
865 1762 965 1843 facias,

343 1847 425 1930 quod
449 1847 525 1929 patri
548 1870 613 1909 non
636 1848 812 1929 probabitur
835 1864 898 1912 tuo.

213 1933 281 2085 ἰαί.
345 1933 427 1997 Istoc
449 1950 483 1997 vt
506 1935 627 2016 faciam,
650 1936 745 2017 pietas
768 1958 818 1998 me
839 1936 910 1999 satis
931 1950 1048 1999 monet.

242 2036 318 2085 anto.
342 2021 430 2095 Quid
453 2020 536 2084 illam
560 2043 643 2084 cesso
666 2021 747 2083 adire
770 2038 802 2084 et
823 2021 976 2085 salutare?

215 2110 280 2174 Got.
345 2107 441 2183 Quod
465 2109 520 2172 tibi
544 2107 627 2172 faelix
650 2109 848 2193 faustumque
870 2111 917 2192 sit,
940 2109 1037 2174 adeas.
1105 2107 1107 2110 ’

213 2197 318 2260 Panto.
339 2195 471 2279 Sequere
494 2219 554 2259 me.
600 2218 702 2278 mane,
725 2198 864 2260 meditari
888 2199 970 2279 prius
991 2197 1137 2280 quiddam
1160 2200 1242 2264 volo.

343 2300 426 2347 totus
448 2306 553 2346 amore
575 2285 676 2366 ardeo,
700 2300 861 2367 postquam
885 2285 964 2348 banc
986 2286 1107 2368 aspicio.

215 2372 281 2437 Got.
344 2372 395 2436 En
418 2394 530 2456 aquam
553 2393 623 2454 quae
648 2387 679 2434 te
703 2373 880 2454 restinguat,
904 2372 986 2434 bono
1008 2373 1114 2436 animo
1136 2396 1176 2437 es.
1288 2404 1316 2454 1⁵

343 2458 394 2522 sed
417 2463 462 2523 vis
485 2476 597 2542 potare,
621 2457 716 2522 bere?
1089 2462 1210 2546 [Intrat
1225 2462 1316 2528 Fred.

214 2546 319 2611 Panto.
577 2612 579 2617 .
716 2568 772 2610 cur
796 2546 826 2608 id
850 2569 901 2608 me
925 2568 1021 2628 rogas,
1046 2547 1197 2630 pessime?

344 2657 436 2697 mene
460 2649 547 2716 putas
570 2634 669 2716 primo
691 2655 854 2717 congressu
877 2632 1028 2698 deficere?

214 2721 281 2786 Got.
344 2719 374 2783 Si
397 2719 537 2799 volueris,
559 2743 600 2782 en
623 2720 734 2782 cadum
758 2722 821 2784 vini
843 2722 909 2784 tibi.

213 2807 319 2871 Panto.
340 2806 545 2870 Incommode
567 2806 679 2889 hercle,
703 2808 766 2870 imo
789 2830 862 2870 vero
885 2808 1068 2891 infaeliciter,

343 2916 415 2956 nam
439 2894 672 2956 meditationem
695 2918 798 2958 meam
822 2896 872 2958 hic
895 2898 1051 2977 perturbat
1073 2897 1209 2961 stolidus.
1239 2935 1241 2939 ·
1286 2929 1320 2966 ao

212 2981 279 3045 Fre.
341 2982 495 3061 Habesne,
519 2978 690 3061 Leonarde,
713 2982 778 3046 illas
800 2982 926 3064 delitias,

341 3090 416 3151 quas
439 3069 514 3130 mihi
537 3090 650 3151 magna
671 3071 840 3153 conquisivi
863 3091 937 3133 cura
958 3069 1072 3134 hodie?

210 3157 275 3222 Leo.
341 3154 391 3218 En
415 3156 481 3237 tibi,
505 3156 586 3236 bere,
609 3155 703 3220 salvas
725 3179 842 3220 omnes.

211 3244 278 3307 Fre.
343 3243 408 3305 Has
431 3264 488 3326 ego
510 3241 581 3305 volo
603 3242 687 3306 dono
709 3244 779 3307 dare
800 3241 902 3329 Juliae.

210 3331 275 3394 Leo.
922 3332 1000 3394 bene
1024 3332 1107 3394 facis.

212 3418 279 3483 Gor.
342 3417 400 3480 Tu
423 3417 503 3498 prior
525 3438 594 3479 earn
617 3417 716 3498 adeas,
741 3441 780 3481 ne
802 3418 851 3480 hic
875 3433 906 3481 te
929 3435 1102 3501 praevortat.
1284 3450 1316 3501 ²5

210 3504 321 3569 Panto.
342 3505 411 3592 Ego
434 3504 463 3567 id
485 3518 559 3568 ante
581 3505 764 3590 cogitabam.
