3059 4275
216 439 273 512 44
599 408 949 488 HYMENAEus
1067 420 1228 505 ner...

349 606 400 667 “o
422 600 571 684 Gothrio‚
594 601 741 685 Gothrio,
765 604 827 668 ianr
850 606 963 668 amoris
983 605 1048 668 vim
1071 605 1205 688 sentio‚”

350 690 535 755 “dormiens
556 690 660 777 vigile,
683 713 742 755 nec
764 713 888 774 possum
910 690 1100 775 quiescere.''

350 775 434 862 Ergo
458 779 518 841 huc
541 800 592 841 me
615 778 698 841 misit
720 780 914 841 observatum
937 778 1130 861 clanculum,

350 886 390 926 ne
412 865 481 947 quis
503 865 712 929 internuntius
733 865 772 930 ab
795 864 945 948 Erophilo
967 866 1005 929 ad
1027 866 1148 951 Juliam
1171 868 1264 931 cursit-

220 952 303 1014 Duu.
348 951 406 1016 Tu
428 952 518 1035 quisi

223 1037 289 1103 Θαΐ.
531 1040 602 1102 hem
627 1053 674 1101 tot
696 1039 807 1102 armati
830 1060 904 1102 cum
927 1040 1038 1104 inermi
1062 1062 1136 1104 vno.

220 1125 303 1189 Duu.
349 1124 460 1207 Mane,
482 1140 529 1190 est
549 1125 633 1209 quod
656 1139 688 1189 te
709 1124 790 1189 volo.

222 1211 290 1277 Θαΐ.
346 1209 405 1276 Sed
428 1235 481 1277 vos
502 1235 560 1298 ego
583 1212 665 1276 nolo.

221 1298 303 1362 Duu.
682 1298 783 1363 Mane
805 1300 942 1384 inquam.

351 1387 418 1470 quis
439 1386 478 1450 sis
496 1388 573 1451 mihi
596 1386 714 1470 expedi.

223 1472 291 1538 Gor.
733 1473 820 1538 Idem
844 1476 895 1558 qui
919 1490 963 1537 tu.

222 1560 305 1624 Duu.
351 1559 417 1633 Qui
441 1559 543 1626 istuc?

224 1646 291 1712 Θαΐ.
555 1647 662 1711 Homo
683 1670 763 1711 sum.
1245 1682 1253 1700 ι

222 1733 305 1797 Duu.
351 1735 397 1798 At
420 1733 495 1799 illud
518 1735 677 1817 responde.
725 1733 885 1799 Duumvir
906 1757 964 1821 ego
986 1755 1066 1799 sum.
1298 1765 1329 1816 30

225 1820 291 1886 Θαΐ.
348 1823 394 1885 At
416 1844 475 1909 ego
496 1822 647 1886 triumvir.

222 1908 305 1972 Duu.
661 1908 819 1992 quomodo
840 1907 990 1974 obsecro?

225 1994 291 2060 Θαΐ.
351 1995 470 2060 Trium
493 1994 651 2059 literarum
675 1997 780 2059 homo.

222 2081 305 2147 Duu.
784 2098 853 2147 tum
875 2098 911 2148 tu
934 2084 958 2148 is
979 2104 1022 2164 es,
1045 2104 1141 2168 quem
1163 2082 1319 2149 volumus.

224 2170 291 2236 Θαΐ.
352 2169 440 2246 Quid
464 2172 506 2234 ita
527 2169 656 2254 quaesoi

223 2257 306 2321 Duu.
684 2258 784 2321 furem
806 2259 891 2321 eninr
913 2258 1091 2342 quaerimus.

224 2344 291 2410 Θαΐ.
351 2343 441 2409 Tum
464 2344 567 2408 hercle
589 2367 653 2408 non
676 2366 756 2427 sum,
779 2345 833 2428 qui
856 2367 935 2409 sum.
981 2346 1140 2410 imovero
1162 2366 1308 2433 pernego.

353 2454 417 2516 quo
439 2454 490 2496 me
513 2430 614 2515 rapis?
650 2446 696 2495 sat
719 2432 796 2512 cito,
818 2434 841 2495 si
864 2446 910 2496 sat
933 2433 1020 2496 bene.
1299 2459 1330 2513 ³5

224 2519 306 2584 Duu.
352 2518 446 2583 Vnde
469 2518 523 2583 esi

540 2605 678 2670 anobis.

700 2693 751 2756 hic
773 2715 830 2757 nos
852 2694 986 2758 derisum
1008 2692 1141 2757 advenit.

353 2781 422 2864 quis
443 2780 535 2844 herus
558 2778 636 2843 tibi?

227 2865 295 2932 Θαΐ.
659 2865 869 2955 Pantomagus
891 2866 1038 2932 medicus.

224 2956 307 3020 Duu.
353 2952 442 3029 Quid
464 2968 499 3017 tu
522 2955 572 3018 hic
594 2968 683 3018 tanto
706 2953 820 3019 mane?

228 3041 296 3107 Θαΐ.
841 3040 1005 3106 Paululum
1029 3039 1186 3125 quiddam.

225 3128 309 3193 Duu.
356 3126 467 3204 Quid?
527 3145 530 3152 '

227 3215 296 3281 Θαΐ.
481 3214 558 3278 nihil
581 3216 730 3298 profecto.

226 3303 309 3370 Duu.
745 3316 779 3365 vt
802 3301 920 3366 iocatur
943 3304 1038 3367 homo
1060 3299 1198 3385 lepidus!

357 3404 433 3454 tune
456 3410 523 3469 nos,
546 3389 697 3475 mastigia,
721 3389 850 3471 impune
871 3388 999 3454 luseris?
1304 3421 1339 3472 4⁰
