3059 4275
151 565 237 629 Aer.
250 584 281 648 2,
298 566 346 631 Sc.
363 567 411 652 2⁵]
528 556 877 644 HYMENAEUS
1207 577 1253 635 21

286 750 509 833 Hippocratem
532 772 597 813 non
619 771 704 832 curo,
727 748 886 815 Galenum
908 749 1041 836 negligo,

285 837 337 899 sed
358 860 417 901 nec
440 838 516 900 mihi
540 836 638 919 placet
661 835 835 901 Paracelsus
857 837 1036 901 admodum.
1226 867 1260 918 90

283 945 396 987 novam
418 947 477 1011 ego
500 924 715 989 Cabalisticam
737 925 811 987 artis
833 925 935 987 inveni
958 924 1051 986 viam.

284 1010 374 1084 Quot
396 1033 447 1075 me
470 1032 574 1074 censes
595 1010 750 1074 morbidos
773 1011 825 1074 hic
846 1033 940 1093 prope
962 1008 1124 1074 Patavium

284 1098 376 1161 vnico
398 1097 581 1162 Burcottico
603 1119 722 1162 curasse
744 1097 933 1180 pharmaco?

216 1232 224 1247 .
291 1184 416 1247 Audivi.
461 1206 629 1248 numerum
652 1207 715 1248 non
740 1186 833 1268 probe
855 1201 957 1266 teneo,

284 1294 397 1335 novem
421 1270 550 1357 Patavij,
573 1270 718 1335 vnd'ecim
744 1272 894 1358 Venetijs,
1227 1298 1258 1353 95

285 1359 450 1422 Anchonae
472 1374 615 1442 quatuor,
638 1359 857 1440 septemdecim
881 1358 1059 1439 Florentiae,

285 1460 319 1507 vt
340 1445 414 1509 alios
437 1445 507 1508 alibi
532 1443 669 1508 infinitos
691 1462 882 1528 praeteream.

285 1531 395 1597 Stilum
418 1547 449 1596 et
472 1532 597 1596 tabellas
618 1555 683 1596 non
705 1534 813 1614 habe0‚
836 1534 878 1595 sic
902 1533 1032 1595 memini
1055 1548 1170 1596 tamen.

242 1661 247 1666 -
285 1617 342 1682 Sed
364 1642 405 1682 ne
427 1634 459 1683 te
482 1634 568 1702 putes
590 1642 683 1703 parvo
705 1621 756 1682 hic
780 1621 812 1682 in
836 1621 953 1683 honore
975 1642 1048 1699 esse,
1137 1619 1258 1703 [verim.

151 2492 260 2555 Panto.

150 2579 222 2643 Gor.

151 2927 260 2990 Panto.

151 3014 221 3078 Got.

150 3101 259 3164 Panto.

283 1708 345 1768 iam
359 1728 417 1790 ego
432 1706 543 1788 dicam,
559 1707 642 1790 quod
658 1722 693 1769 tu
708 1707 849 1793 gaudeas,
865 1722 896 1769 et
916 1729 973 1791 ego
993 1728 1155 1789 nunquam
1175 1706 1261 1769 audi·

285 1793 453 1875 Audistin’,
476 1795 558 1874 here,
581 1794 655 1877 quid
678 1794 789 1876 passim
812 1810 843 1857 te
865 1793 958 1878 vulgo
979 1793 1115 1857 vocent?
1214 1824 1258 1858 101

283 1879 333 1962 pol
357 1880 519 1944 medicinae
541 1881 645 1944 deum.

661 1969 762 2030 audivi
785 1968 903 2050 saepius.

286 2052 377 2117 Tum
400 2055 543 2118 mulieres
565 2055 713 2137 inprimis,
734 2070 769 2118 vt
792 2071 823 2119 te
845 2077 965 2137 sequor,

283 2141 410 2224 adeunt,
432 2158 556 2224 vocant,
580 2143 786 2224 prehendunt,
809 2145 954 2224 retinent,

283 2229 403 2292 hiccine
424 2229 602 2313 (inquiunt)
623 2229 738 2312 Apollo
760 2230 924 2293 medicinae
948 2229 1044 2293 deus?
1213 2257 1259 2308 105

284 2317 348 2379 imo
368 2316 528 2400 (inquam)
549 2317 614 2380 eius
636 2316 717 2380 filius
739 2316 949 2400 Aesculapius.

282 2426 302 2465 0
324 2402 408 2466 illam
432 2405 553 2467 beatam
576 2404 753 2487 (inquiunt)
774 2426 869 2487 quam
892 2405 948 2467 iste
970 2403 1177 2485 amplectitur.

283 2489 413 2553 Vtinam
436 2491 558 2553 beatam
582 2491 705 2554 reddere
727 2513 846 2574 possem
868 2490 995 2576 Juliam.

283 2577 381 2659 Heus,
403 2578 485 2659 here,
509 2579 572 2660 ipsa
594 2578 757 2665 egreditur,
781 2595 835 2642 tua
859 2579 985 2661 inquam
1007 2577 1101 2663 Julia.

282 2686 434 2747 compone
456 2663 588 2746 vultum,
610 2680 759 2728 curentur
782 2668 857 2728 item
880 2681 1002 2747 caetera,
1212 2697 1258 2732 110

285 2750 377 2814 nimis
398 2750 527 2815 delicata
549 2768 656 2816 estne
679 2754 734 2816 tibi
758 2753 837 2815 bene
860 2753 943 2834 velit,

283 2860 358 2901 nam
380 2839 506 2922 reliquae
529 2862 638 2903 omnes
662 2839 804 2902 mulieres
825 2855 931 2903 amant
955 2854 995 2901 te.

284 2925 423 2989 Rectene
446 2925 574 2989 omnia?

563 3032 565 3036 ⁴
592 3014 719 3096 optime.

282 3098 368 3162 Bene
390 3114 456 3163 est:
481 3101 554 3163 hem
575 3101 651 3183 quid
673 3099 756 3163 hoc?
783 3122 835 3183 per
857 3122 945 3164 nares
966 3101 1100 3164 decurrit
1122 3101 1255 3188 sanguis.

281 3209 301 3248 o
317 3207 463 3274 magnam
473 3188 586 3251 amoris
598 3188 672 3250 vim.
712 3184 822 3250 Omen
837 3203 893 3270 est,
905 3187 945 3274 dij
962 3201 1085 3251 vortant
1098 3188 1186 3252 bene.
1212 3215 1257 3267 115
