3059 4275
195 549 278 614 Aer.
295 567 328 632 4,
344 546 392 612 Sc.
410 548 458 634 3⁸]
612 538 964 619 HYMENAEUS

324 732 382 795 hos
403 753 481 795 cane
504 732 589 814 peius
610 747 643 796 et
664 754 765 816 angue
788 731 860 796 odio
881 733 1103 817 persequimur,

325 833 358 882 at
380 841 445 882 non
468 819 528 882 hoc
551 820 640 883 nobis
661 817 732 882 solis
753 820 910 901 convenit,

327 908 387 969 hoc
411 905 511 989 ipsum
533 904 605 969 alibi
628 927 753 990 quoque
776 906 884 970 dicunt
905 905 983 970 lieri.

327 992 386 1057 Sed
407 993 481 1076 quid
505 1014 562 1079 ego
584 1015 637 1057 eos
658 994 690 1056 in
714 995 791 1056 retia
814 995 948 1059 incidere
971 992 1116 1076 postulo?

325 1080 436 1162 passim
459 1080 599 1143 rixantur
620 1095 652 1143 et
673 1079 851 1166 syllogisant
874 1082 911 1144 de
933 1082 1070 1168 argutijs,

325 1168 444 1252 argenti
466 1188 507 1229 ne
529 1188 675 1249 scrupum
698 1168 823 1250 quidem
847 1167 1010 1249 possident.

326 1254 378 1317 sed
400 1253 519 1337 aliquos
540 1254 601 1316 huc
624 1253 813 1318 adventitare
835 1255 935 1336 video,
1271 1286 1306 1332 40

327 1341 389 1403 iam
412 1363 505 1423 prope
527 1340 683 1421 elucescit,
706 1341 756 1404 ibo
780 1343 863 1404 intro

327 1442 359 1493 et
380 1427 549 1510 expectabo
572 1428 647 1490 dum
670 1427 712 1490 illi
736 1428 874 1515 vigilant.
1012 1428 1182 1512 [Duumvir
1197 1427 1303 1494 intrat.

490 1600 659 1673 ncrus
685 1629 720 1692 4.
776 1601 942 1674 scuun
968 1613 1016 1694 3².

580 1742 743 1807 Duumvir.
792 1743 922 1808 Gothrio.

271 1911 279 1928 .
326 1863 428 1928 Modo
451 1886 502 1927 me
525 1865 698 1928 vicinorum
722 1866 905 1927 exuscitavit
926 1864 1054 1945 clamor,

328 1952 410 2014 fures
431 1951 527 2015 auditi
550 1967 623 2014 sunt
646 1953 678 2013 in
702 1950 836 2014 Pontani
860 1954 1036 2015 mercatoris
1059 1953 1186 2033 aedibus,

327 2059 376 2101 eas
398 2037 619 2121 expilaverunt,
644 2060 819 2121 mercesque
842 2055 1009 2120 rapuerunt
1030 2040 1136 2120 varias,

327 2147 402 2209 quas
423 2126 473 2188 hic
497 2126 528 2188 in
551 2124 694 2190 schedula
717 2126 810 2208 probe
832 2142 952 2190 notatas
973 2149 1056 2213 gero.

329 2213 436 2276 demus
458 2234 595 2295 operam,
619 2214 723 2293 vicini,
745 2229 781 2276 vt
802 2236 853 2276 eos
876 2215 1070 2278 inveniamus
1091 2214 1203 2277 denuo.
1288 2242 1303 2292 5

329 2301 379 2362 hic
401 2322 456 2362 nos
479 2300 568 2363 decet
592 2316 714 2363 mutuas
737 2322 842 2382 operas
865 2299 995 2381 tradere,

329 2387 435 2450 itidem
459 2388 518 2449 hoc
541 2388 630 2450 nobis
651 2386 702 2473 alij
728 2387 853 2468 facient,
876 2387 1001 2472 quando
1024 2410 1101 2471 opus
1123 2388 1190 2452 erit.

328 2472 386 2537 Sed
408 2496 448 2536 en
470 2475 768 2557 appropinquantem
790 2473 925 2558 aliquem
947 2476 1050 2557 audio,

329 2583 517 2642 maneamus,
540 2559 684 2624 volumus
706 2562 771 2625 eius
792 2584 966 2625 sermonem
989 2563 1139 2645 excipere.

258 2693 267 2711 .
328 2647 435 2721 Quam
457 2664 502 2711 est
525 2647 657 2729 difficile,
680 2647 735 2735 Dij
761 2648 845 2729 boni,
869 2651 1031 2732 negotium
1274 2680 1306 2716 ro

327 2735 443 2798 amanti
467 2736 575 2798 insano
599 2737 742 2798 inservire
765 2733 916 2799 domino!

327 2843 455 2884 acaena
477 2821 595 2885 rediens
616 2837 694 2906 quot
716 2823 792 2885 mihi
816 2823 894 2886 dixit
917 2820 1037 2906 nugas!

327 2923 396 2972 tum
419 2909 451 2970 in
473 2909 588 2972 somnis
612 2910 668 2971 hac
691 2925 784 2972 nocte
806 2911 886 2972 visus
907 2910 1008 2974 videre
1030 2909 1158 2995 Juliam,

328 3011 359 3058 et
381 3017 455 3059 cum
478 2995 528 3058 illa
550 2996 642 3059 simul
664 2994 894 3080 colloquentem
917 2997 1112 3080 Erophilum.

330 3083 370 3145 ibi
393 3104 499 3146 secum
522 3083 554 3145 in
577 3085 705 3170 somnijs
728 3098 912 3165 murmurat,
1274 3110 1303 3162 15

328 3169 452 3233 tandem
476 3169 638 3252 exclamat,
661 3192 719 3234 nec
743 3193 794 3233 me
816 3171 888 3233 sinit
910 3171 1074 3255 quiescere.

328 3260 429 3340 “quae
454 3255 517 3337 te,’'
541 3257 668 3340 inquam
691 3260 804 3339 “here‚
829 3279 875 3321 res
896 3257 1068 3345 agitant?’'

329 3343 432 3427 “quid
455 3358 561 3407 tecum
583 3343 737 3428 loqueris?
768 3343 842 3427 quid
864 3345 1047 3428 amplexaris
1068 3342 1248 3408 obsecro?”

328 3430 432 3514 “quid
455 3452 546 3512 porro
567 3446 625 3509 est,
648 3431 731 3515 quod
754 3430 897 3495 oscularis
919 3448 983 3494 tam
1006 3430 1158 3495 suaviter?
1171 3431 1191 3459 '’

327 3517 420 3582 Tum
443 3516 503 3599 ille,
527 3519 595 3580 “ah
618 3519 670 3580 vbi
694 3540 745 3582 me
768 3519 859 3582 fuisse
882 3516 995 3581 credidi
1009 3517 1050 3581 l’'
