3059 4275
591 524 941 605 HYMENAEUS
1058 538 1162 623 [Aer.
1178 537 1305 622 4,sc1·

336 745 463 806 corpore
486 738 629 787 strenuus
650 722 819 805 animoque
841 723 928 786 ferox
950 722 1020 806 fuit,

338 832 398 874 nec
419 809 513 874 vllam
537 810 599 893 pati
622 809 769 872 didicerat
793 810 946 873 iniuriam.

338 920 396 985 ego
419 896 507 961 illum
530 895 636 960 multis
658 896 836 960 confodiam
857 895 1045 979 vulneribus,

338 1000 371 1048 vt
393 1007 467 1048 eum
491 984 656 1068 pugnando
678 1004 788 1046 omnes
810 984 946 1048 occisum
969 998 1092 1066 putent.

275 1117 283 1135 .
339 1073 502 1152 Amerina,
524 1092 704 1155 quanquam
726 1069 787 1132 hoc
809 1070 972 1134 consilium
995 1070 1080 1153 vtile,
1283 1100 1312 1148 40

339 1181 403 1222 non
428 1158 527 1241 placet
550 1173 666 1239 tamen,
690 1178 748 1220 nec
771 1156 847 1220 adeo
870 1157 948 1221 ferre
969 1156 1057 1221 valeo

338 1246 510 1310 formosum
533 1266 643 1326 corpus
665 1244 827 1307 deformari
851 1243 1038 1309 vulneribus.

283 1379 292 1396 .
338 1334 390 1397 sed
405 1331 585 1397 faciundum
604 1346 662 1413 est,
678 1332 760 1394 hera.
797 1330 871 1414 quid
892 1347 1016 1395 mortuo
1033 1348 1153 1396 nocent
1170 1330 1314 1399 vulnera?

340 1442 502 1504 nunquam
525 1435 556 1481 te
569 1433 648 1492 ,tuto
669 1418 806 1502 alioquin
830 1419 980 1501 expedies.

208 1505 279 1596 Jul.
336 1505 424 1581 Quid
446 1521 562 1586 actura,
586 1504 759 1569 Amerina?
789 1527 852 1567 non
876 1504 975 1588 placet
997 1505 1074 1569 istoc
1097 1507 1187 1571 mihi.
1284 1534 1313 1587 45

308 1651 310 1656 .
338 1594 456 1657 adeone
479 1594 543 1656 fera
564 1594 643 1656 istuc
665 1608 698 1655 vt
722 1592 821 1655 facere
842 1592 958 1675 queas?

208 1681 291 1746 Arne.
337 1679 425 1755 Quid
449 1680 542 1764 igitur
565 1677 678 1742 restat?
707 1680 784 1762 quin
806 1679 915 1743 cistam
937 1701 1010 1743 ecce
1033 1702 1176 1763 vacuam,

338 1790 410 1853 quae
433 1784 506 1831 ante
528 1768 609 1830 aedes
631 1766 795 1829 commode
817 1781 895 1829 astat
916 1765 1020 1853 Lucij.

338 1856 371 1918 in
395 1855 474 1918 hanc
498 1854 721 1936 imponendum
745 1853 844 1933 illum,
867 1854 950 1935 hera,
973 1875 1093 1918 censeo.

208 1943 321 2008 Penta.
337 1942 422 2023 Heu,
444 1942 528 2020 here,
551 1941 619 2024 quis
641 1955 673 2003 te
695 1962 782 2003 casus
804 1940 927 2023 iniquus
948 1940 1094 2005 sustulit?

210 2027 283 2118 Jul.
336 2028 373 2093 Id
396 2027 508 2111 aedipol
531 2028 622 2090 nimis
645 2042 763 2109 stupeo,
787 2024 944 2109 Pantaleo,

338 2139 398 2180 nec
418 2116 495 2180 adeo
516 2116 685 2199 quicquam
707 2114 852 2198 suspicari
874 2137 966 2199 queo,

338 2205 396 2267 nisi
420 2204 583 2266 fascinatus
606 2203 684 2265 forte
707 2201 839 2284 perierit.

339 2289 452 2365 Quum
475 2291 507 2352 in
530 2288 675 2352 conclave
699 2290 850 2376 ingressus
871 2304 917 2352 est
939 2290 1043 2372 modo,

338 2376 415 2440 nihil
437 2378 632 2460 querebatur,
655 2391 686 2439 et
708 2376 779 2439 satis
800 2377 945 2458 equidem
968 2377 1075 2458 valuit,

340 2478 465 2548 repente
488 2485 561 2529 eum
583 2462 695 2526 defecit
718 2463 852 2546 spiritus,

338 2567 370 2616 et
391 2573 500 2615 omnes
522 2573 575 2633 per
596 2566 679 2614 artus
701 2550 828 2634 frigidus
850 2549 941 2614 sudor
963 2565 1081 2632 manat,

339 2653 476 2703 mutatus
498 2637 591 2719 color,
614 2636 726 2718 vultus,
750 2651 872 2701 mutata
893 2639 998 2701 omnia

338 2726 452 2810 frigent
474 2740 506 2787 et
528 2726 638 2811 rigent,
661 2723 738 2787 nihil
761 2726 891 2810 cognovi
914 2724 1054 2808 amplius.

208 2813 320 2878 Panto.
337 2811 396 2875 Me
419 2813 564 2875 miserum
588 2813 660 2892 iam,
682 2813 757 2895 quid
781 2812 880 2876 facere
901 2812 1076 2894 occipiam?

337 2899 455 2963 vicinos
478 2900 629 2962 invocabo
652 2914 684 2961 vt
708 2921 773 2962 rem
797 2899 855 2963 illis
878 2899 1034 2983 aperiam?

338 2986 413 3070 quid
436 2984 592 3069 proderit?
621 3000 691 3048 turn
713 3008 772 3070 ego
794 2989 934 3050 conscius
956 2987 1048 3050 caedis
1070 2984 1154 3052 fiam.

338 3073 413 3157 quid
436 3075 550 3136 teiam
573 3070 637 3155 fiet,
661 3071 832 3137 Pantaleo?
1099 3072 1101 3076 ’

206 3157 277 3248 Jul.
331 3161 406 3224 Non
430 3182 553 3242 possum
575 3160 750 3223 vlteriorem
774 3159 868 3224 fidem
891 3177 1034 3243 praestare
1056 3160 1216 3245 Erophilo,

337 3262 368 3312 te
390 3249 462 3329 quia
484 3245 526 3309 illi
549 3244 646 3310 fidum
670 3249 753 3328 novi,
776 3245 933 3330 Pantaleo,
956 3249 1019 3330 diu,

337 3356 396 3397 nec
420 3334 481 3396 iam
504 3334 583 3396 forte
606 3334 698 3398 habes
719 3357 783 3418 quo
805 3351 837 3397 te
859 3336 1008 3417 conferas,

337 3422 437 3484 hoca
460 3442 510 3484 me
533 3442 618 3503 cape,
641 3435 674 3483 vt
696 3421 734 3485 ab
758 3422 832 3484 hero
854 3444 968 3486 munus
992 3438 1057 3506 tuo,

337 3507 467 3571 etmihi
491 3506 560 3571 vide
582 3522 731 3572 secretam
754 3522 881 3590 praestes
904 3507 1008 3574 fidem.
