3059 4275
206 974 313 1039 Panto.

210 1236 277 1301 Gor.

207 1321 314 1387 Panto.

211 1584 277 1649 Gor.

209 1671 315 1734 Panto.

213 1931 279 1996 Got.

209 2017 316 2082 Panto.

213 2104 279 2171 Gor.

211 2279 318 2344 Panto.

214 2453 281 2519 Got.

212 2542 319 2605 Panto.

215 2801 281 2868 Gor.

213 2887 321 2952 Panto.

217 3148 283 3215 Got.

214 3323 321 3386 Panto.

218 3496 285 3562 Got.

585 527 935 606 HYMENAEus
1053 533 1306 621 [reresu-

495 723 665 796 ACTUS
690 745 724 795 2.
779 722 944 795 SCENA
971 732 1018 793 2².

567 857 773 940 Pantomagus.
820 855 950 921 Gothrio.

334 973 408 1058 Jam
431 996 523 1057 prope
546 971 582 1035 ad
607 972 758 1056 Alphonsi
783 973 865 1036 aedes
886 974 1069 1053 accedimus,

337 1083 401 1144 quo
423 1082 480 1144 ego
502 1061 539 1124 ad
563 1082 694 1123 coenam
715 1077 843 1123 vocatus
866 1061 996 1123 conviva
1017 1060 1119 1123 venio.

337 1148 406 1212 vide
429 1163 462 1210 vt
484 1163 515 1210 te
537 1146 665 1210 delicate
688 1169 783 1231 geras,
806 1144 953 1212 Gothrio,

341 1234 374 1301 O
398 1235 519 1298 tametsi
543 1232 646 1297 nullus
668 1256 802 1298 moneas.

337 1321 428 1385 Tum
450 1322 473 1385 si
496 1336 530 1385 vt
552 1320 635 1384 soleo
658 1322 816 1384 historiam
839 1343 999 1403 occepero‚

339 1409 389 1472 vbi
414 1409 529 1473 fervere
552 1430 603 1470 me
624 1409 764 1470 oratione
786 1408 906 1489 videris,

339 1496 438 1559 verbis
460 1496 509 1559 fac
532 1496 607 1559 meis
628 1495 731 1558 vultus
753 1495 933 1578 respondeat
956 1510 1037 1559 tuus

1055 1595 1159 1646 teneo.

341 1667 457 1732 Praesto
480 1684 624 1751 praeterea
647 1684 678 1732 te
700 1690 762 1732 esse
784 1690 904 1751 semper
926 1668 1006 1751 volo,

340 1772 374 1819 vt
395 1758 419 1819 si
440 1756 558 1837 vspiam
581 1771 690 1819 nutem
713 1755 761 1818 vel
783 1757 899 1819 nictem
923 1756 989 1837 tibi,

340 1857 375 1906 tu
389 1843 493 1906 statim
508 1842 639 1924 advoles,
654 1858 687 1905 vt
703 1857 733 1906 te
748 1865 858 1907 omnes
872 1843 1093 1926 obsequentem
1108 1842 1247 1907 videant.
1285 1870 1314 1907 ro

342 1929 377 1994 ld
400 1952 524 2013 quoque
546 1944 646 1993 teneo.
948 1952 953 1958 ’

622 2032 776 2099 postremo
790 2015 871 2097 volo,
886 2031 920 2080 vt
935 2039 973 2079 ex
989 2039 1059 2080 meo
1074 2031 1155 2079 nutu
1171 2016 1312 2100 pendeas.

344 2104 429 2168 Hem
451 2102 624 2186 pendeam?
657 2102 731 2167 illud
753 2125 851 2166 vnum
875 2102 975 2168 hercle
998 2126 1062 2167 non
1085 2120 1188 2169 teneo.

341 2206 376 2255 tu
398 2191 496 2274 pende
517 2190 608 2273 solus,
632 2213 696 2255 non
720 2189 818 2273 placet
841 2213 934 2254 omen
958 2191 1045 2255 mihi.

343 2276 397 2365 Dij
423 2277 620 2360 immortales,
643 2278 775 2341 eruditio
798 2293 830 2342 vt
853 2279 1013 2362 ingenium
1035 2275 1139 2342 acuit!

342 2368 471 2429 verbum
495 2366 554 2428 hoc
577 2367 632 2429 tibi
655 2367 734 2428 forte
757 2365 878 2428 videtur
901 2365 1042 2429 insolens.
1288 2391 1315 2443 ¹⁵

345 2452 633 2517 insolentissimum.
681 2475 754 2516 nam
777 2452 871 2514 nimis
892 2452 987 2516 elatos
1010 2452 1108 2516 reddit
1131 2453 1285 2517 homines.

343 2540 519 2604 Verborum
543 2541 740 2623 proprietates
763 2561 827 2601 non
851 2533 973 2620 novisti,
995 2536 1127 2603 stolide?

344 2628 452 2691 vsitata
474 2643 518 2690 est
541 2627 685 2710 loquendi
709 2626 842 2690 formula
866 2626 1056 2709 Hippocrati.

342 2728 376 2777 vt
399 2735 524 2776 mecum
546 2714 586 2776 sis
606 2714 713 2776 animo
735 2730 766 2777 et
789 2736 915 2796 corpore
937 2713 1017 2777 volo.
1183 2711 1316 2799 [telligo.

345 2799 430 2887 Ergo
444 2816 478 2863 vt
496 2816 601 2863 tecum
622 2801 727 2863 animo
747 2816 778 2865 et
794 2822 920 2883 corpore
935 2801 1086 2883 pendeam
1101 2800 1243 2882 postulas.
1271 2802 1319 2864 in-

346 2886 379 2952 O
403 2888 562 2950 hominem
586 2887 757 2969 simplicem
780 2910 843 2971 prae
867 2889 955 2951 nobis
976 2883 1124 2951 eruditis!
1288 2917 1319 2953 rr

342 2974 415 3058 Jam
438 2995 495 3057 ego
518 2988 623 3037 tecum
646 2973 764 3057 planius
787 2974 904 3059 loquar,
928 2972 1074 3057 Gothrio,

344 3083 402 3124 nec
424 3076 491 3123 vtar
513 3060 656 3144 deinceps
676 3063 840 3125 verborum
863 3061 1030 3147 elegantijs.

349 3147 489 3214 Obsecro
512 3148 626 3228 hercle,
650 3150 732 3230 here,
754 3165 788 3212 vt
811 3149 913 3228 facias,

346 3256 409 3297 non
432 3257 504 3298 amo
526 3235 580 3298 has
601 3235 728 3298 nodosas
750 3235 926 3320 elegantias.

345 3320 399 3385 Te
421 3321 526 3385 sedulo
548 3321 619 3384 volo
641 3323 717 3385 mihi
740 3345 852 3386 navare
873 3345 1008 3405 operam.

344 3407 516 3492 Intelligisl

534 3494 682 3579 intelligo.
727 3493 791 3576 liet,
814 3497 896 3560 here.
