3059 4275
151 552 236 619 Aer.
253 573 285 637 2,
301 554 413 637 Sc.2·]
530 543 881 657 HYMENAEUS

236 775 238 780 .
284 740 344 802 hoc
366 739 450 801 enim
473 739 505 801 in
529 761 580 801 me
601 761 684 821 saepe
707 738 768 801 iam
791 738 942 820 experior,

285 826 383 909 siquid
405 841 440 889 tu
462 826 551 907 nolis,
574 825 605 887 id
628 848 679 888 me
700 824 783 888 nolle
806 826 909 906 etiam,

286 929 322 976 tu
342 912 441 996 siquid
463 912 545 990 velis,
570 912 601 975 id
624 934 674 975 me
696 928 805 995 sponte
827 933 948 995 cupere.
1226 944 1258 993 3⁰

285 1001 388 1064 nescio
409 1000 567 1083 quomodo
589 1016 692 1063 nostra
714 999 890 1081 conspirant
912 998 1021 1079 studia,

286 1103 396 1150 natura
419 1109 469 1150 me
491 1087 582 1149 credo
604 1087 660 1150 tibi
683 1101 842 1169 parentem
866 1087 982 1170 genuit.

151 1175 261 1239 Panto.
285 1173 373 1248 Quid
394 1175 448 1256 ais,
471 1173 634 1257 mastigia?
663 1191 694 1236 te
716 1172 799 1245 mihi,
816 1189 925 1237 natura
947 1188 1107 1255 parentem
1129 1173 1259 1260 genuit?

153 1262 223 1327 Got.
285 1260 390 1325 Certe.

151 1348 260 1413 Panto.
409 1348 462 1431 qui
485 1361 570 1430 patre
592 1363 773 1411 natussum
796 1345 998 1410 Alcimarcho

285 1434 443 1517 splendido
465 1449 496 1498 et
518 1434 637 1498 nobili?
1226 1467 1256 1516 35

153 1522 223 1587 Got.
287 1522 361 1584 Non
385 1544 442 1606 ego
465 1543 572 1604 parens
594 1537 665 1585 tuus
686 1521 739 1584 sed
762 1542 869 1603 parens
892 1521 947 1584 tibi
970 1543 1049 1586 suin.

151 1608 261 1672 Panto.
285 1607 375 1672 Pater
396 1631 469 1694 ergo
491 1632 530 1672 an
555 1624 652 1671 mater
674 1631 705 1671 es
728 1607 827 1671 mihi?

154 1696 224 1761 Got.
288 1695 411 1759 Neuter
432 1696 586 1780 equidem,
609 1696 660 1759 sed
683 1717 792 1778 parens
813 1696 879 1759 tibi.

151 1782 261 1846 Panto.
288 1781 343 1846 Pol
365 1805 422 1867 ego
445 1798 485 1864 te,
508 1783 602 1864 asine,
624 1783 757 1846 stimulis
780 1783 905 1864 fodiam,
927 1784 952 1847 si
974 1784 1017 1847 sic
1040 1784 1121 1847 rudis
1144 1784 1231 1848 mihi.

153 1870 222 1934 Gor.
286 1868 374 1943 Quin
398 1892 448 1933 me
471 1885 613 1933 naturam
637 1871 706 1933 dico
728 1870 867 1956 genuisse
890 1885 1048 1952 parentem
1072 1871 1137 1935 tibi.
1225 1902 1259 1949 4⁰

153 1958 264 2021 Panto.
290 1955 412 2042 Pergin,
435 1957 585 2040 pessime?

152 2044 222 2109 Got.
595 2044 724 2126 imperio
739 2060 898 2127 parentem
918 2060 949 2107 et
968 2044 1051 2107 dicto
1069 2044 1257 2110 audientem.

284 2132 338 2195 An
361 2130 474 2196 oblitus
495 2147 559 2195 tam
583 2132 658 2211 cito,
682 2132 776 2194 modo
797 2133 881 2215 quod
904 2132 1020 2196 dixeras
1043 2132 1130 2214 mihi,

285 2220 474 2282 “verborum
497 2220 693 2302 proprietates
715 2242 779 2282 non
802 2221 925 2300 novisti,
947 2218 1101 2283 stolide?''

285 2306 370 2370 Nam
392 2306 466 2389 quid
490 2307 605 2368 mirum
627 2307 650 2368 si
674 2329 732 2390 ego
754 2305 865 2370 stultus
887 2308 1031 2388 haeream,

284 2415 357 2455 cum
378 2394 427 2457 vel
450 2408 481 2456 te
504 2394 667 2456 verborum
689 2392 805 2456 lateant
827 2392 1006 2479 elegantiae?

150 2480 260 2543 Panto.
284 2477 342 2542 Per
364 2481 436 2543 deos
457 2496 491 2542 vt
512 2478 626 2544 evasit!
657 2501 730 2543 cave
752 2480 866 2543 luseris.

153 2567 223 2631 Got.
288 2565 357 2650 Ego
378 2584 409 2630 te
431 2566 562 2630 ludam?
592 2589 669 2651 euge
690 2566 862 2630 verisimile.

151 2654 261 2717 Panto.
287 2653 376 2727 Quin
399 2654 449 2717 dic
472 2656 551 2716 bona
574 2653 644 2735 fide,
668 2655 798 2717 hoccine
819 2653 942 2717 volebas
964 2654 1068 2737 prius?

153 2740 220 2806 Got.
284 2739 388 2823 Ipsum
411 2743 471 2805 hoc
493 2741 641 2824 profecto,
665 2743 757 2804 nimis
780 2742 935 2804 iracunde.

149 2828 259 2891 Panto.
285 2827 363 2890 Non
386 2828 488 2892 hercle
510 2828 706 2911 deprehendi,
729 2851 794 2891 non
817 2829 900 2912 quod
922 2851 1055 2892 acumen
1079 2830 1188 2909 defuit,
1223 2860 1256 2908 50

283 2915 335 2977 sed
357 2915 440 2998 quod
464 2916 506 2978 ita
528 2937 578 2978 me
602 2916 758 2978 iracundia
780 2931 995 2979 occaecaverat.

150 3003 219 3067 Got.
283 3002 328 3064 At
351 3003 501 3084 pensitare
522 3002 643 3086 singula
664 3004 833 3084 sapientem
857 3003 953 3066 decet.

149 3090 258 3153 Panto.
281 3089 355 3151 Non
379 3089 523 3172 equidem
546 3111 679 3171 possum,
701 3091 744 3152 ita
767 3112 818 3152 me
841 3106 950 3152 natura
972 3091 1106 3154 ferocem
1128 3092 1246 3177 genuit.

281 3176 357 3258 quin
379 3177 429 3239 vbi
454 3175 577 3258 incalui,
598 3191 632 3238 vt
655 3199 713 3262 ego
736 3176 891 3262 fulgurare
912 3193 944 3240 et
966 3192 1073 3241 tonare
1095 3175 1221 3242 videor!

150 3261 218 3328 Gor.
282 3262 424 3329 Obsecro
443 3265 515 3326 satis
534 3278 589 3346 est,
606 3286 670 3326 non
690 3286 748 3349 ego
767 3266 837 3327 haec
856 3265 935 3328 ferre
953 3286 1076 3347 possum
1091 3265 1255 3328 verborum

150 3350 258 3413 Panto.
282 3349 372 3424 Quin
394 3350 438 3413 ita
458 3351 550 3414 soleo.
1100 3351 1256 3434 [fulmina.

149 3437 219 3501 Gor.
560 3452 592 3500 at
607 3439 685 3501 sensi
701 3460 781 3520 saepe
796 3460 869 3501 cum
886 3460 956 3501 meo
972 3460 1086 3522 magno
1101 3436 1194 3501 malo.
1224 3451 1257 3516 56

282 3545 396 3607 magna
417 3539 538 3587 naturae
562 3525 606 3588 vis
627 3540 683 3606 est,
706 3526 733 3587 ei
756 3547 838 3611 aegre
859 3525 1023 3588 obsistitur.

1116 3657 1185 3697 2-2
