3059 4275
203 545 288 610 Aer.
309 565 336 628 1,
352 544 401 610 Sc
417 546 467 629 4⁸]
584 536 933 616 HYMENAEUS

533 757 648 829 rica.
681 782 711 829 1.
766 758 907 830 scaro.
936 769 986 849 4².

626 930 783 1015 Erophilus
805 932 885 994 snus.

331 1068 465 1151 Aedipol
488 1069 543 1132 iste
563 1069 625 1131 dies
640 1090 798 1152 perversus
812 1083 906 1151 atque
926 1067 1069 1132 adversus
1089 1068 1165 1131 mihi
1186 1069 1309 1152 accidit,

336 1157 389 1239 qui
413 1157 601 1238 perturbavit
623 1177 732 1218 omnes
753 1156 887 1219 rationes
909 1156 997 1236 mihi,

332 1264 391 1306 nec
402 1243 476 1326 quid
489 1244 624 1326 primum
635 1242 739 1324 velim,
751 1258 805 1306 aut
820 1242 928 1322 nolim,
941 1241 1165 1328 cogitabundus
1180 1243 1314 1326 invenio,

336 1331 378 1393 ita
399 1331 499 1417 agitor
521 1330 612 1393 miser
636 1330 667 1392 in
690 1330 803 1392 amoris
825 1345 901 1410 rota,

333 1439 406 1500 quae
430 1433 523 1501 caput
545 1416 622 1478 mihi
646 1418 804 1499 perturbat
825 1416 987 1502 vertigine.
1298 1444 1312 1496 ⁵

334 1526 392 1567 nec
416 1503 532 1567 bellum
554 1526 637 1591 gero,
659 1525 717 1566 nec
740 1525 850 1587 pacem
873 1504 1008 1585 invenio,

337 1592 458 1675 fugiens
480 1592 624 1672 consisto,
646 1606 728 1654 stans
751 1590 847 1674 fugio,

333 1678 437 1741 nullus
458 1693 503 1741 est
526 1679 613 1761 ignis,
636 1692 667 1739 et
690 1692 775 1740 totus
796 1678 897 1741 ardeo.

334 1764 421 1838 Quid
444 1787 529 1828 nunc
552 1765 608 1828 tibi
631 1764 808 1827 faciendum
831 1786 946 1846 censes,
969 1762 1140 1848 Erophile?

333 1852 429 1935 quid?
460 1852 515 1915 tibi
539 1851 707 1914 vivendum
731 1867 777 1915 est
798 1851 853 1914 soli
876 1852 941 1915 sine
964 1850 1038 1913 illa?
1282 1883 1314 1918 10

334 1939 403 2002 Nec
426 1954 532 2002 tecum
554 1960 612 2001 nec
634 1939 700 2001 sine
724 1954 755 2002 te
778 1939 879 2002 vivere
903 1959 1037 2021 possum,
1059 1936 1153 2021 Julia,

335 2025 420 2089 nulia
442 2027 518 2088 mihi
541 2025 712 2109 expetenda
733 2025 797 2088 vita
818 2041 874 2107 est,
896 2026 949 2089 abs
970 2040 1002 2086 te
1023 2025 1046 2087 si
1071 2024 1231 2089 distrahor.

334 2112 422 2187 Quid
445 2114 469 2176 si
491 2134 597 2177 senem
621 2113 683 2176 iam
707 2113 820 2177 iterum
842 2109 974 2177 adeam?

335 2202 438 2281 orabo,
461 2201 626 2264 obsecrabo
647 2222 688 2262 ne
710 2201 788 2262 mihi
810 2214 997 2264 succenseat.

337 2289 437 2351 forsan
460 2288 511 2351 vbi
535 2287 577 2351 illi
601 2287 757 2351 iracundia
780 2287 975 2366 deferbuerit,

337 2376 470 2438 exorabo
493 2374 581 2437 illum
602 2396 643 2436 ne
665 2374 772 2437 saeviat
793 2388 962 2457 tantopere.

337 2461 386 2526 Ita
408 2463 507 2525 facere
530 2475 651 2525 certum
673 2475 729 2524 est.
769 2460 845 2544 quid
866 2462 941 2545 agis,
963 2460 1094 2525 stolide?

337 2549 412 2632 quid
434 2550 458 2612 si
481 2563 512 2612 te
534 2549 622 2612 novis
642 2548 776 2632 excipiat
798 2547 1018 2634 contumelijs?

336 2635 409 2719 quid
419 2634 575 2699 facturus?
589 2635 681 2719 quid?
700 2658 754 2718 par
761 2636 825 2719 pari
838 2636 978 2717 referam,
987 2635 1070 2718 quod
1080 2659 1152 2700 eum
1162 2639 1311 2704 mordeat.

338 2722 396 2788 Eia
419 2744 482 2786 non
506 2723 605 2802 decet,
628 2722 673 2785 sic
695 2745 741 2786 res
764 2724 795 2786 in
818 2744 938 2805 pessum
962 2737 1040 2804 ruet,
1279 2758 1313 2793 20

336 2826 367 2873 et
390 2826 420 2873 te
442 2810 558 2893 perdes,
580 2825 621 2891 et,
643 2810 727 2893 quod
749 2811 805 2873 tibi
829 2810 960 2892 charius,
982 2809 1109 2893 Juliam.

338 2896 425 2970 Quid
448 2898 472 2960 si
494 2912 599 2960 autem
622 2897 716 2960 istum
738 2895 830 2984 longe
852 2895 957 2960 locum
981 2898 1108 2980 deseras,

337 3000 370 3048 vt
394 2983 555 3047 intervallo
576 2983 685 3048 saitem
709 3006 865 3047 aerumnas
887 2983 991 3048 leves?

337 3070 425 3134 Nihil
447 3071 521 3155 agis,
543 3069 623 3134 fixus
645 3071 696 3134 hic
711 3093 743 3134 es
765 3070 827 3134 telo
850 3071 1025 3154 Cupidinis,

337 3158 465 3242 remigio
486 3156 615 3242 veloque
638 3158 748 3220 festina
769 3173 922 3241 quantum
945 3173 1040 3241 potes,

337 3267 399 3328 quo
422 3260 453 3309 te
474 3245 507 3307 in
529 3244 628 3308 altum
650 3246 778 3328 capessis
800 3245 906 3329 magis,

338 3333 397 3395 hoc
420 3347 451 3394 te
474 3347 566 3395 aestus
587 3333 698 3395 amoris
720 3333 817 3415 magis
840 3333 872 3394 in
895 3346 1020 3415 portum
1044 3334 1162 3397 referet.

339 3419 420 3482 Haec
442 3419 599 3502 quondam
623 3420 699 3481 mibi
723 3435 828 3501 portus
850 3417 988 3482 salutaris
1009 3419 1128 3501 domus,

338 3506 418 3569 hanc
440 3505 602 3588 scopulum
627 3528 712 3569 nunc
735 3527 828 3569 senex
850 3506 1031 3589 suspiciosus
1053 3506 1192 3569 reddidit.
