3059 4275
213 532 262 613 28
587 536 937 614 HYMENAEUS
1053 549 1154 631 [Aer.
1171 567 1204 633 2,
1223 549 1270 615 Sc
1285 557 1317 632 4·

212 728 299 792 Cam.
337 728 424 793 Bene
446 745 501 809 est,
524 729 562 791 ad
585 752 636 792 me
658 729 719 809 itis,
743 751 852 792 eccum
877 744 1016 812 paternas
1038 729 1151 811 literas,

340 838 416 898 quas
437 816 513 878 milri
536 817 617 899 apud
640 817 742 879 forum
765 818 859 880 modo
881 816 965 880 dedit
987 817 1014 879 F
1015 818 1152 880 abritius.

341 902 393 966 En
416 905 491 966 item
514 904 578 965 eius
600 903 740 966 domum.

210 989 281 1052 Bai.
762 1006 844 1054 recte
866 993 1056 1056 conveniunt
1078 993 1194 1058 omnia.

341 1099 398 1140 nos
419 1076 456 1139 ad
479 1100 591 1140 navem
614 1078 758 1159 redimus,
782 1078 838 1140 nisi
861 1080 936 1161 quid
958 1101 1014 1142 nos
1036 1078 1120 1142 velis.
1289 1109 1319 1144 ro

213 1163 299 1227 Cam.
343 1162 445 1246 Nihil,
468 1164 546 1227 bene
567 1164 676 1227 valete.

212 1250 283 1312 Bai.
698 1252 741 1316 Et
763 1266 808 1316 tu.

214 1337 300 1400 Cam.
342 1336 442 1401 Nunc
458 1339 609 1423 Congruo
623 1355 716 1422 atque
732 1338 839 1401 Storax
854 1340 946 1420 exite,
962 1355 993 1402 et
1013 1341 1073 1403 hoc
1088 1341 1173 1403 intus
1189 1355 1318 1423 portate.

342 1425 449 1509 Atque
473 1427 565 1489 nimis
586 1442 688 1489 arctus
710 1440 755 1488 est
778 1427 846 1511 ostij
872 1428 1026 1507 introitus,

341 1527 373 1576 et
395 1535 453 1596 ego
475 1513 589 1576 diutius
612 1514 662 1575 hic
685 1514 871 1575 commorari
893 1536 1025 1596 nequeo,
1289 1545 1320 1593 ²4

341 1602 455 1681 aperite
470 1601 588 1682 cistam,
604 1615 635 1662 et
652 1622 767 1663 merces
783 1601 865 1663 intro
879 1601 1006 1682 auferte,
1037 1599 1194 1685 [Amerina
1210 1602 1317 1666 intrat.

342 1687 392 1749 hie
415 1687 521 1750 cistam
545 1688 583 1749 ad
607 1688 730 1750 ianuam
754 1687 904 1770 paulisper
927 1686 1100 1771 relinquite,

341 1774 394 1836 sed
417 1789 583 1856 properate.
629 1774 815 1837 Amerinam
837 1796 947 1838 eccum
969 1774 1068 1856 video,

341 1884 414 1923 cum
438 1860 488 1923 illa
511 1877 650 1925 nostrum
673 1862 912 1924 communicabo
935 1862 1106 1925 consilium.
1131 1863 1319 1947 [hominem,

286 1995 293 2010 .
339 1946 395 2032 Dij
424 1948 622 2026 immortaleS,
646 1948 824 2030 lepidiorem
851 1947 1043 2035 Pantomago
1070 1971 1233 2033 nunquam
1259 1951 1321 2014 vidi

341 2035 426 2117 cupit
448 2057 511 2098 esse
533 2034 690 2114 ridiculuS,
714 2050 745 2098 et
768 2035 847 2098 bene
870 2036 1015 2117 procedit.
1288 2067 1321 2116 30

290 2171 298 2187 .
340 2121 388 2185 Vt
410 2136 516 2187 tecum
538 2137 593 2204 est,
617 2121 792 2186 Amerina?
821 2139 855 2186 vt
878 2139 982 2186 nostra
1004 2122 1084 2187 valet
1106 2121 1214 2208 Julia?

285 2257 292 2272 .
339 2210 472 2274 Mecum
495 2225 528 2273 vt
551 2210 644 2291 vides,
667 2232 740 2272 cum
762 2208 849 2292 Julia
871 2233 944 2273 vero
965 2210 1056 2292 male,

340 2312 498 2379 propterea
519 2298 602 2381 quod
625 2297 667 2360 illi
692 2298 861 2360 carendum
883 2313 928 2360 est
950 2296 1107 2380 Erophilo.

291 2433 298 2448 .
339 2384 438 2468 Atqui
462 2408 530 2448 eam
554 2384 660 2465 solare,
683 2385 732 2447 dic
755 2407 818 2448 esse
841 2385 972 2448 visuram
997 2386 1089 2448 brevi.

284 2519 292 2535 .
337 2472 384 2534 At
405 2473 530 2555 quando
552 2470 700 2537 obsecro?

736 2560 884 2622 rimarum
907 2558 1010 2641 plenas

342 2646 484 2710 mulieres
506 2669 568 2710 esse
589 2647 707 2709 dicunt.

728 2734 779 2797 sed
803 2733 877 2797 falso
899 2748 1014 2797 tamen.

291 2867 298 2882 .
340 2820 439 2903 Atqui
462 2820 534 2882 viris
556 2820 736 2902 rimosiores,
759 2843 823 2883 non
846 2821 971 2905 negabis
993 2821 1093 2884 credo.

284 2954 291 2969 .
337 2907 436 2971 Mitte
458 2907 560 2987 iocari,
584 2922 614 2969 et
637 2929 726 2970 narra
748 2909 883 2990 obsecro,
905 2908 988 2992 quod
1012 2930 1095 2992 rogo,

340 2994 464 3077 quando
487 2993 670 3076 Erophilum
692 2995 792 3058 visura
813 2996 853 3058 sit
874 2995 968 3078 Julia.

289 3129 297 3145 .
340 3081 409 3144 Hac
431 3096 533 3144 nocte.

563 3184 595 3231 at
617 3167 797 3251 quomodo?
1286 3200 1320 3247 40

291 3303 298 3319 .
340 3253 602 3318 Percontatricem
626 3256 734 3338 fugito,
757 3255 809 3318 sed
833 3256 933 3319 dicam
957 3271 1074 3338 tamen,

341 3356 517 3426 personatus
539 3342 707 3425 ingreditur
730 3364 803 3405 cum
827 3343 874 3427 ijs,
897 3344 951 3426 qui
974 3343 1094 3406 ducunt
1116 3345 1252 3425 choreas,

339 3430 458 3513 eritque
480 3430 638 3512 choragus.
683 3429 768 3512 Ergo
790 3451 883 3511 quem
907 3430 1043 3511 primum
1064 3430 1184 3511 viderit,

343 3538 478 3598 moneas,
500 3530 534 3578 vt
557 3515 599 3578 illi
622 3538 685 3580 sese
706 3516 854 3602 adiungat
876 3516 1035 3599 comitem,
