3059 4275
210 552 262 631 24
586 523 937 602 HYMENAEus
1052 534 1153 618 [m.
1171 551 1201 616 2,
1217 531 1305 618 suf
1362 519 1363 556 ³

210 719 278 784 Got.
344 716 486 782 Profecto
508 718 709 781 verissimum.

209 806 315 869 Panto.
340 805 411 867 Hoc
433 805 556 889 signum
581 805 612 866 in
636 802 760 885 στηθος
783 806 901 867 bonum
924 804 1087 867 denuntiat
1109 804 1203 885 ηθος.

210 893 277 958 Gor.
341 892 442 961 HOos.
489 891 668 974 quidhoc?
1286 916 1314 971 59

210 980 315 1043 Panto.
340 977 427 1052 Quid
443 980 503 1041 hoc
517 978 596 1057 ηθος
610 977 620 1040 ?
641 1001 780 1062 graecum
791 980 921 1041 verbum
933 977 1021 1041 estin
1034 977 1164 1041 latinam
1180 977 1315 1063 linguam

340 1064 515 1149 significans
538 1066 660 1148 nuptias
680 1065 729 1128 vel
751 1067 857 1129 thoros
878 1064 1063 1148 coniugales.
1113 1064 1316 1148 [distillatum

342 1152 519 1216 Mercurius
540 1152 652 1215 clamat
673 1153 756 1236 quod
780 1168 810 1215 te
833 1153 1024 1216 doctissimus
1044 1167 1140 1215 amat.

213 1241 279 1306 Got.
345 1239 453 1313 Quam
476 1241 554 1302 mira
575 1236 781 1302 vaticinatur!

212 1328 318 1391 Panto.
346 1327 388 1392 Et
412 1326 521 1390 Venus
543 1327 674 1408 docebit,
697 1326 781 1410 quod
803 1340 834 1390 te
857 1325 983 1389 tandem
1006 1324 1057 1389 illa
1080 1325 1218 1391 habebit.

214 1415 280 1480 Got.
342 1413 449 1487 Quam
473 1411 613 1497 poetice!
644 1414 735 1494 vnde,
759 1414 842 1493 here,
866 1412 944 1476 ista?
1132 1467 1134 1470 .
1287 1426 1317 1492 ⁶5

212 1502 318 1565 Panto.
343 1501 421 1565 Sunt
443 1500 605 1564 Ptolomaei
628 1501 771 1583 quaedam
794 1500 943 1583 Sapphica
963 1500 1109 1564 carmina.

215 1588 280 1653 Gor.
341 1586 457 1651 Eratne
480 1588 590 1670 poeta?
623 1599 625 1603 ’

213 1676 319 1739 Panto.
603 1675 801 1738 admirandus
822 1691 856 1738 vt
877 1674 1008 1738 videtur.

215 1763 281 1827 Leo.
344 1760 431 1835 Quid
454 1761 521 1824 tun’
545 1760 644 1843 illum,
669 1764 751 1843 here,
774 1762 817 1825 sic
840 1762 953 1846 garrire
976 1760 1108 1843 pateris?

344 1848 507 1932 loquacem
530 1847 613 1911 illam
638 1848 680 1911 illi
702 1848 842 1932 linguam
865 1850 1045 1931 comprime.

215 1936 282 2000 Fre.
345 1934 508 2019 Loquatur
529 1951 562 1998 vt
584 1935 679 1999 lubet.
724 1958 799 1998 mox
821 1958 878 2019 ego
901 1935 985 1998 illam
1008 1935 1094 2016 adeo,
1292 1961 1323 2015 70

346 2024 471 2086 interim
491 2022 541 2085 hic
561 2023 736 2104 ambulabo,
751 2037 786 2086 vt
800 2024 997 2086 stomachum
1013 2023 1045 2085 in
1061 2045 1186 2086 coenam
1201 2044 1321 2088 acuam

216 2110 321 2196 Ponto.
345 2108 430 2174 Satin
451 2132 547 2193 vsque
568 2108 712 2174 valuisti?

216 2197 284 2286 Jul.
346 2196 393 2260 Vt
415 2198 500 2280 potui
523 2211 554 2260 et
575 2197 667 2263 vides.

217 2285 323 2348 Panto.
348 2284 395 2348 Vt
418 2285 516 2367 video,
540 2301 608 2347 tum
632 2300 667 2348 tu
688 2306 808 2367 semper
829 2283 949 2347 valuisti
973 2283 1110 2367 pulchre.

216 2371 287 2524 gul.
350 2372 438 2446 Quid
462 2373 504 2434 ita
526 2371 674 2436 obsecro?

246 2474 323 2523 anto.
696 2459 770 2542 quia
791 2473 823 2522 te
844 2457 1005 2542 pulchram
1026 2457 1125 2524 video.
1293 2486 1323 2540 75

220 2546 287 2611 Got.
347 2547 401 2609 Ah
423 2547 530 2611 facete.

218 2631 288 2784 gul.
552 2632 631 2696 Non
654 2634 746 2716 cupio
769 2632 894 2697 laudari.

248 2735 324 2783 anto.
349 2719 462 2784 Credo.
507 2720 583 2802 quid
606 2742 690 2782 nunc
714 2736 816 2802 restat,
840 2718 998 2785 Gothrio?

221 2807 289 2872 Gor.
349 2807 419 2892 Age
435 2807 538 2870 nescio
552 2807 637 2889 quid,
654 2807 702 2870 dic
718 2808 812 2870 modo
826 2807 952 2891 aliquid,
967 2822 1063 2890 quota
1077 2807 1117 2869 sit
1133 2806 1208 2870 hora
1223 2829 1307 2892 roga.

219 2894 324 2957 Panto.
349 2891 490 2966 Quotam
513 2916 598 2956 nunc
620 2895 728 2957 horam
751 2917 856 2959 censes
877 2917 962 2957 nunc
984 2916 1059 2974 esse,
1081 2893 1188 2978 Julia,?

351 3002 424 3042 nam
447 3002 504 3064 ego
527 2981 563 3043 ad
587 3003 640 3044 vos
661 2982 699 3044 ad
722 3004 845 3045 coenam
867 2983 969 3045 venio.

218 3064 289 3155 Jul.
987 3066 1142 3154 Intelligo.
1294 3085 1328 3135 80

209 3153 301 3217 *Ama
347 3153 463 3218 Eamus
484 3176 558 3238 ergo
580 3156 672 3238 intro,
695 3154 895 3240 Pantomage,
919 3156 959 3218 ibi
983 3156 1038 3218 tibi
1061 3156 1119 3219 erit
1142 3153 1261 3219 melius.

220 3241 326 3304 Panto.
350 3239 421 3303 Imo
444 3242 494 3303 hic
516 3243 592 3304 mihi
616 3259 660 3306 est
682 3243 808 3325 optime.

219 3327 290 3480 gul.
349 3327 424 3390 Non
448 3330 515 3391 haec
538 3329 675 3411 praedixi,
698 3331 861 3410 Amerina,
884 3330 988 3393 futura
1010 3328 1089 3392 tibi?

249 3430 325 3478 anto.
350 3413 457 3478 Nimis
479 3415 555 3477 mihi
579 3418 670 3479 tristis
690 3416 800 3479 videris
821 3439 893 3498 esse,
917 3415 1011 3499 Julia,

350 3501 471 3565 sanitati
494 3504 628 3585 corporis
650 3519 778 3567 maestus
798 3503 921 3567 animus
942 3503 1046 3567 officit.
