3059 4275
119 557 123 564 ·
213 559 266 642 50
591 534 944 616 Hrmnnnus
1060 546 1296 631 [reipsu-

341 745 371 793 te
394 729 441 794 vel
465 728 624 793 nolentem
646 730 770 813 arripiet
792 730 940 794 mordica.

210 816 315 883 Panto.
340 816 392 880 Ha
413 818 453 880 ha
475 814 536 880 hel
568 831 599 880 et
622 838 680 901 ego
701 818 725 880 si
750 815 800 879 illa
822 818 945 898 esuriat,

340 925 391 967 me
413 902 640 968 comedendum
664 918 695 967 et
717 904 929 967 devorandum
952 904 995 967 illi
1019 904 1108 969 dabo.

211 991 278 1057 Gor.
339 989 381 1053 Et
403 989 605 1053 deridendum
628 1012 698 1054 vna.
745 990 800 1053 Pol
824 1007 1017 1073 peramanter
1040 991 1124 1055 facis.

209 1077 314 1142 Panto.
337 1077 396 1143 Sed
418 1099 474 1140 cur
495 1099 564 1140 eam
588 1092 653 1140 tam
676 1076 789 1141 bellam
811 1101 890 1161 equo
912 1076 1093 1142 assimulas?

211 1165 278 1231 Got.
339 1164 425 1238 Quia
447 1179 492 1228 est
514 1179 584 1246 apta
606 1179 640 1227 vt
662 1186 759 1248 equus
781 1164 907 1227 ferendo
929 1165 1025 1228 oneri.

209 1250 315 1315 Panto.
340 1250 458 1315 Probus
480 1273 520 1315 es.
566 1252 616 1314 hic
640 1273 690 1313 me
712 1274 769 1315 suo
791 1251 923 1315 delectat
946 1252 1081 1335 ingenio.
1284 1281 1309 1333 35

340 1338 398 1402 Sed
421 1359 513 1422 perge
535 1354 568 1401 vt
591 1339 696 1421 cepisti
720 1339 853 1402 rationes
873 1338 1043 1402 ostendere.

210 1426 280 1492 Got.
341 1426 387 1490 Vt
408 1425 452 1488 sol
476 1426 526 1487 vbi
549 1425 642 1488 semel
667 1424 828 1489 Cancrum
849 1426 963 1509 attigit,

339 1514 491 1575 continuo
512 1510 550 1574 ad
573 1512 801 1594 Capricornum
824 1514 1024 1593 convertitur,

341 1601 382 1661 ita
405 1614 458 1662 tua
478 1598 572 1682 Julia,
594 1621 664 1681 quae
688 1599 852 1681 perdiderit
875 1599 1073 1683 Erophilum,

340 1685 447 1749 relicto
470 1684 522 1748 illo
544 1685 581 1748 ad
605 1702 635 1748 te
657 1687 762 1749 statim
785 1687 898 1749 veniet.
1286 1720 1318 1767 4⁰

209 1773 317 1838 Panto.
341 1773 395 1837 Ah
418 1773 543 1836 tandem
567 1771 676 1855 places,
700 1795 768 1835 eam
792 1795 866 1836 cum
888 1771 985 1836 solem
1007 1796 1099 1837 voces

339 1860 459 1923 fontem
481 1860 566 1940 vitae,
588 1859 640 1923 sed
662 1882 718 1923 cur
739 1860 825 1923 hunc
849 1859 1008 1925 Cancrum
1030 1860 1146 1926 vocas?

211 1948 277 2014 Got.
340 1946 426 2020 Quia
447 1948 512 2010 eius
533 1968 620 2009 amor
643 1962 732 2010 motu
755 1947 870 2010 incedit
893 1947 1079 2034 retrogrado.

207 2034 313 2099 Panto.
337 2034 445 2108 Quam
467 2030 596 2117 argute!
626 2034 679 2097 sed
701 2056 757 2096 cur
780 2033 989 2115 Capricornus
1010 2034 1093 2121 ego?

211 2122 278 2200 Got.
340 2121 468 2201 Omnis,
492 2122 574 2203 here,
597 2119 768 2184 similitudo
790 2119 951 2186 claudicat.
1286 2156 1317 2205 45

341 2207 398 2272 Sed
420 2224 488 2272 vter
510 2206 635 2271 tandem
658 2209 744 2290 cupis
767 2231 830 2272 esse
852 2211 954 2292 potius

340 2295 475 2375 Cancer,
498 2311 531 2360 vt
553 2318 622 2358 eam
645 2296 777 2377 amittas,
799 2318 839 2358 an
862 2296 1070 2379 Capricornus
1091 2312 1126 2360 vt
1148 2298 1310 2365 invenias?

210 2383 317 2448 Panto.
341 2381 413 2446 Imo
435 2381 536 2446 hercle
560 2381 768 2465 Capricornus
789 2405 852 2446 esse
876 2382 966 2447 malo.

212 2472 280 2538 Got.
342 2469 396 2533 Pol
419 2471 506 2553 sapis,
529 2471 613 2552 here,
637 2471 678 2533 ita
700 2491 823 2532 necesse
847 2471 917 2550 fuit,

341 2581 414 2622 nam
436 2560 460 2622 si
484 2557 533 2620 ille
556 2556 689 2639 Cancer,
711 2557 764 2640 qui
788 2579 858 2620 earn
879 2557 1024 2637 amiserit,
1289 2591 1320 2641 ⁵0

340 2659 375 2708 tu
399 2644 617 2727 Capricornus,
640 2645 664 2707 si
688 2666 757 2707 eam
782 2645 942 2709 inveneris.

211 2732 318 2797 Panto.
341 2731 490 2795 Tandem
514 2730 661 2815 intelligo.

213 2820 279 2884 Gor.
672 2833 704 2882 et
727 2820 853 2882 tandem
876 2841 983 2901 precor
1004 2821 1126 2884 sentias.

211 2905 317 2970 Panto.
342 2902 375 2969 O
400 2906 528 2968 vtinam.

212 2994 279 3059 Got.
542 3007 634 3076 atque
657 3016 697 3057 ne
719 2992 850 3075 dubites,
872 2994 956 3076 here,

341 3102 405 3143 non
421 3095 544 3165 egomet
559 3096 675 3144 temere
691 3082 771 3144 hanc
787 3098 982 3145 commentus
996 3103 1065 3144 sum
1081 3083 1234 3147 rationem
1250 3085 1317 3165 tibi,

341 3188 406 3229 rem
429 3188 558 3229 ornnem
582 3168 638 3230 hac
664 3184 757 3230 nocte
779 3169 930 3231 somniavi
953 3170 1102 3252 proxima.
1286 3199 1317 3250 55

211 3254 318 3319 Panto.
344 3254 430 3328 Quid
453 3252 601 3317 obsecro?

213 3342 280 3407 Got.
631 3340 714 3403 illam
737 3363 800 3404 esse
822 3341 920 3405 solem
942 3342 1069 3423 scilicet,

342 3443 373 3492 te
395 3449 467 3490 vero
491 3425 716 3508 Capricornum
740 3427 911 3491 brumalem
934 3431 1102 3511 tropicum,

342 3517 394 3600 qui
418 3535 563 3598 magnam
585 3535 687 3596 passus
708 3536 786 3577 esses
808 3517 920 3579 amoris
942 3518 1098 3603 hyemem,

1347 775 1354 830 'l
