3059 4275
216 550 268 633 34
591 522 941 602 HYMENAEUS
1058 531 1158 617 [Aer.
1174 552 1205 619 3,
1220 533 1307 614 Μ

214 721 280 786 Got.
339 719 415 890 {am
437 720 489 783 hic
510 740 573 801 ero,
597 741 670 782 cum
694 717 755 783 illie
778 740 829 782 me
852 740 914 784 esse
936 720 1058 785 senties.

212 809 319 872 Panto.
362 828 456 871 ocum
480 829 526 870 res
548 828 612 870 non
635 805 777 889 postulat.
822 808 900 870 serio
922 829 1059 890 propera.

212 895 280 958 Fre.
341 892 392 957 Ita
414 895 456 958 ita
477 915 613 976 propera.

212 982 318 1045 Panto.
637 981 709 1043 hem
732 981 800 1063 quis
821 980 858 1043 ad
880 1003 968 1044 aures
989 1003 1083 1045 sonus

340 1066 484 1132 advolat?
516 1065 619 1130 nullus
640 1068 691 1130 hic
714 1089 807 1150 prope
830 1082 884 1131 est.
930 1069 991 1132 iam
1014 1084 1055 1151 te,
1079 1068 1194 1151 bellua,
1285 1096 1313 1135 se

340 1155 494 1219 irretitum
517 1155 626 1234 habeo,
648 1153 764 1238 aliquid
786 1155 872 1219 feres

212 1242 279 1305 Fre.
343 1242 440 1323 Heus,
463 1240 634 1307 Leonarde.
679 1242 827 1327 extingue
849 1241 979 1323 lumina,

341 1330 411 1394 haec
434 1350 536 1392 meam
558 1329 634 1391 mihi
657 1330 795 1412 quietem
818 1329 1000 1412 impediunt.

210 1416 276 1481 Leo.
340 1416 540 1480 Leonardum
562 1416 628 1499 quis
649 1415 760 1478 vocat?
806 1415 833 1477 F
834 1416 977 1498 rederice,
1000 1417 1073 1500 quid
1095 1416 1220 1501 agitur?

210 1502 316 1569 Panto.
339 1504 424 1567 Hem
447 1504 584 1585 profecto
607 1503 634 1565 F
635 1503 788 1566 federicus
810 1517 864 1567 est.
1285 1533 1313 1584 ²⁵

214 1590 281 1655 Fre.
344 1589 421 1655 Cras
444 1590 609 1654 curabitur.

212 1678 320 1742 Panto.
638 1677 788 1760 quidnam
811 1676 959 1742 obsecro?

212 1765 280 1829 Fre.
342 1763 389 1827 Vt
412 1763 568 1826 medicum
591 1763 717 1827 vlciscar
739 1765 843 1845 probe.

211 1852 276 1916 Leo.
340 1850 428 1926 Quid
451 1848 509 1914 tu?
540 1865 576 1913 tu
597 1851 707 1913 herum
729 1872 851 1914 veneno
873 1850 1030 1934 sustulisti,
1052 1852 1206 1934 pessime?

212 1940 318 2003 Panto.
339 1939 398 2002 Tu
421 1937 510 2000 illum
533 1936 606 2000 tolle
629 1939 652 2001 si
676 1936 769 2019 voles,
793 1960 851 2021 ego
873 1939 958 2003 hunc
981 1961 1045 2002 non
1067 1939 1187 2023 sustuli,

341 2040 373 2089 et
395 2026 470 2088 vivit
492 2024 578 2087 adeo.
623 2046 701 2087 num
723 2040 870 2109 aegrotas,
894 2026 974 2088 bone
996 2025 1065 2089 virl
1287 2056 1317 2106 30

213 2114 281 2179 Fre.
346 2112 435 2179 Cedo
457 2112 533 2175 mihi
557 2110 716 2175 matulam.
762 2112 836 2196 quid
858 2128 926 2196 stas,
949 2112 1055 2178 asine?

212 2201 319 2266 Panto.
341 2198 523 2265 Matulam?
551 2199 626 2282 quid
649 2221 725 2282 opus
747 2199 816 2263 est?

213 2288 280 2353 Fre.
342 2286 432 2362 Quin
459 2287 512 2350 das
538 2287 665 2369 inquam
690 2286 862 2350 matulam?
901 2288 963 2350 iam
993 2309 1051 2375 ego
1080 2289 1174 2353 credo
1203 2288 1317 2353 lectum

213 2376 320 2439 Panto.
344 2376 407 2438 Hic
430 2373 685 2456 homoprofecto
708 2388 792 2437 totus
815 2373 917 2437 madet
939 2377 1021 2439 vino.
1080 2375 1316 2458 [comminxero.

212 2462 276 2526 Leo.
340 2461 448 2526 Vino?
470 2476 644 2525 monstrum
667 2461 812 2543 hominis,
833 2484 937 2548 apage.
982 2463 1066 2546 quasi
1089 2464 1132 2527 sic
1154 2463 1260 2529 soleat.
1287 2489 1316 2542 3⁵

214 2549 282 2616 Got.
342 2548 499 2632 Nunquid
522 2549 577 2611 tibi
601 2547 741 2635 Pegasus,
765 2549 848 2629 here,
870 2571 934 2610 non
958 2550 1071 2631 videor,

341 2637 395 2720 qui
419 2637 456 2698 ad
479 2651 510 2698 te
534 2651 596 2698 tam
621 2637 683 2698 cito
705 2635 934 2700 advolaveriml

214 2723 320 2787 Panto.
341 2722 429 2788 Cedo
452 2745 573 2806 aquam.
617 2723 670 2785 sed
692 2723 766 2806 quid
791 2723 821 2786 id
843 2738 888 2786 est
910 2724 994 2807 quod
1016 2724 1080 2787 exit
1101 2724 1278 2790 Amerina?

505 2948 674 3022 aeuus
703 2972 736 3043 3.
791 2950 956 3023 scENA
982 2962 1030 3041 42.

467 3107 642 3171 Fredericus.
688 3108 863 3173 Leonardus.
911 3108 1061 3173 Amerina.

574 3195 779 3280 Pantomagus.
827 3195 957 3260 Gothrio.

213 3328 296 3393 Ante.
343 3324 424 3390 Orat
446 3342 476 3390 te
500 3327 635 3391 multum
658 3329 758 3408 herus,
783 3327 982 3413 Pantomage,

343 3429 376 3479 vt
399 3416 455 3477 nisi
479 3414 644 3478 molestum
667 3417 715 3496 sit,
739 3437 804 3479 cras
825 3417 864 3478 ad
886 3439 959 3479 eum
982 3418 1094 3481 redeas.

343 3501 437 3566 modo
459 3503 592 3565 dormire
614 3502 709 3583 coepit
731 3504 873 3584 suaviter,
