3059 4275
188 570 273 635 Aer.
290 587 321 655 3,
336 568 385 634 Sc.
402 568 450 653 5⁵]
566 555 917 636 HYMENAEUS
1247 578 1298 659 37

321 757 400 820 bene
421 753 500 834 vale,
523 754 685 834 Amerina,
708 769 802 837 atque
824 752 1002 815 memineris
1025 750 1097 815 mei.
1265 762 1298 825 65

186 842 271 907 Ame.
318 842 361 907 Et
383 858 429 924 tu,
452 839 652 927 Pantomage,
674 856 706 904 et
729 838 907 904 memineris
929 840 1024 902 herae.

189 929 297 995 Panto.
1018 924 1200 988 meminero.

187 1016 271 1081 Ame.
319 1017 389 1081 Hac
411 1032 503 1080 nocte
524 1038 557 1079 se
579 1030 746 1079 venturum
769 1016 807 1077 ad
829 1014 936 1077 heram
959 1012 1097 1095 promisit
1120 1007 1297 1092 Erophilus,

321 1126 415 1188 quem
430 1102 515 1187 julia
528 1117 671 1185 expectat
685 1101 824 1183 sollicite,
836 1116 929 1185 atque
944 1121 1054 1163 eccum
1066 1096 1299 1161 Pantaleonem.

478 1330 648 1404 nctus
676 1352 710 1423 3.
765 1330 932 1403 senna
960 1340 1006 1425 52.

566 1482 718 1546 Pantaleo.
764 1481 918 1544 Amerina.

189 1600 306 1666 Penta.
322 1601 418 1667 Satin'
441 1617 509 1667 tuta
531 1602 660 1666 omnia?
690 1602 833 1667 nullusne
856 1602 973 1687 insidijs
994 1598 1103 1665 locuti

324 1689 517 1771 speculatum
539 1691 601 1754 huc
624 1692 714 1753 herus
737 1713 789 1754 me
811 1691 958 1773 praemisit
979 1710 1076 1752 meus.

323 1777 430 1861 Atque
452 1799 562 1841 eccum
585 1778 780 1840 Amerinam.
826 1794 858 1840 vt
880 1799 912 1840 se
935 1798 981 1840 res
1002 1777 1117 1838 habent
1140 1769 1280 1837 nostraei

191 1864 275 1927 Ama.
321 1863 417 1946 Bene,
440 1862 597 1946 Pantaleo,
620 1880 712 1948 atque
734 1879 769 1927 vt
791 1865 883 1947 cupio
906 1865 1051 1944 maxime,
1183 1860 1300 1944 [cubat,

326 1950 505 2033 Alphonsus
532 1967 671 2035 aegrotat,
694 1967 788 2035 atque
814 1953 846 2014 in
873 1951 998 2014 remotis
1023 1949 1138 2013 aedium
1164 1948 1301 2030 partibus

324 2053 427 2101 noster
449 2055 554 2101 autem
577 2037 730 2103 Cerberus
751 2039 844 2103 lassus
865 2039 965 2101 stertit
989 2036 1113 2117 Sannio,
1283 2046 1300 2099 6

325 2126 416 2209 coqui
438 2126 612 2209 quiescunt,
635 2149 693 2213 ego
715 2142 817 2190 custos
840 2125 946 2190 relicta
967 2147 1036 2189 sum
1059 2122 1183 2187 aedibus.

324 2211 397 2295 Jam
420 2213 562 2276 introibo.
608 2214 700 2278 herus
721 2230 794 2278 tuus
816 2236 889 2277 cum
911 2212 1068 2276 advenerit

324 2300 405 2362 hanc
428 2300 500 2364 iube
523 2301 688 2363 fenestram
711 2301 830 2383 pultare
852 2300 980 2384 placide,

325 2386 356 2448 id
378 2387 436 2450 erit
458 2388 581 2471 signum
604 2402 637 2449 vt
660 2388 884 2451 intromittatur
907 2386 997 2450 illico.
1271 2414 1301 2449 10

192 2472 307 2538 Penta.
323 2472 477 2538 Faeliciter
499 2474 613 2537 omnia.
651 2475 703 2537 sed
725 2498 820 2559 quam
843 2475 894 2538 hic
916 2489 1014 2561 gestas
1035 2472 1171 2557 aquam?

192 2559 277 2623 Ante.
322 2560 446 2624 Nescio.
490 2583 559 2624 earn
582 2561 658 2623 milri
682 2562 863 2626 servandam
888 2561 1095 2645 Pantomagus
1117 2559 1211 2623 dedit.

325 2645 401 2729 vale,
425 2646 581 2713 Pantaleo.

192 2734 309 2799 Panto.
584 2751 615 2799 et
638 2753 683 2818 tu,
706 2737 868 2801 Amerina
905 2737 958 2799 sed
980 2735 1096 2799 audin?

326 2843 366 2884 ne
387 2821 513 2886 obsecro
536 2824 593 2886 hac
616 2840 709 2887 nocte
730 2825 873 2887 somnies.

196 2907 281 2974 Ante.
890 2910 968 2973 nihil
992 2910 1021 2972 id
1043 2910 1169 2995 quidem
1191 2922 1247 2972 est.

327 2995 479 3079 Nunquid
503 2995 547 3059 nil
570 2997 703 3080 postulas
725 2995 880 3081 amplius?
915 2999 1008 3061 nimis
1030 2999 1083 3061 hic
1104 2996 1158 3059 diu
1180 3016 1302 3078 maneo,

327 3082 356 3145 id
379 3097 486 3147 metuo
508 3106 548 3146 ne
571 3085 700 3148 miretur
722 3084 869 3150 Scaevola
1272 3095 1303 3148 16

196 3168 310 3234 Panto.
326 3169 413 3233 Bene
436 3192 482 3234 res
504 3172 659 3235 successit.
704 3194 777 3235 ecce
799 3187 991 3236 concurrunt
1012 3171 1129 3252 omnia,

328 3256 508 3340 Alphonsus
530 3273 670 3345 aegrotat,
693 3259 808 3322 dormit
830 3258 955 3341 Sannio,

328 3345 481 3408 Amerina
502 3345 618 3409 foribus
640 3345 745 3409 relicta
768 3347 901 3411 ianitrix.

328 3429 391 3495 Cui
414 3431 455 3518 dij
479 3446 551 3495 sunt
573 3432 708 3518 propitij,
731 3433 758 3497 ei
782 3455 847 3496 non
869 3455 933 3497 esse
955 3433 1047 3496 iratos
1069 3447 1155 3515 puto.
1273 3461 1308 3500 ro
