3059 4275
210 554 263 609 20
588 527 938 607 HYMENAEus
1056 540 1156 624 [Aa.
1173 558 1204 622 2,
1218 539 1264 605 sc.
1278 544 1305 604 2·
1349 581 1350 590 r

209 724 315 789 Panto.
340 725 398 790 Sed
421 725 481 787 iam
505 725 564 787 hoc
587 727 722 811 agamus,
745 721 893 805 Gothrio,
916 747 993 787 num
1015 742 1161 808 comptus
1184 725 1237 789 tibi

339 812 410 875 satis
432 812 536 874 videor
558 825 589 874 et
612 810 750 874 nitidus?

339 898 481 982 nunquid
504 914 648 962 ornatum
672 900 756 961 hunc
779 896 964 981 placiturum
987 914 1075 981 putas
1097 896 1219 981 Juliael
1278 911 1307 964 60

213 986 279 1051 Gor.
342 985 469 1050 Virtute
491 985 600 1047 formae
626 985 654 1047 id
677 985 789 1049 accidit
812 1000 888 1064 tuae,

340 1089 372 1135 te
395 1087 427 1136 vt
449 1073 554 1135 deceat
576 1072 786 1155 quodcunque
808 1072 927 1135 habeas.

210 1160 317 1225 Panto.
339 1160 426 1234 Quid
448 1175 553 1223 autem
578 1159 731 1223 incessus?
762 1158 860 1242 qualis
881 1158 1025 1223 videtur?

211 1247 277 1313 Gor.
341 1248 426 1311 Hem
450 1248 558 1331 regius.

209 1333 315 1399 Panto.
575 1332 650 1395 nolo
672 1348 702 1397 te
724 1333 868 1396 assentari
891 1333 978 1397 mihi.

212 1421 279 1487 Got.
342 1422 440 1496 Quasi
463 1443 536 1484 vero
558 1418 682 1483 soleam.
727 1419 779 1482 sed
802 1435 906 1483 vtrum
929 1421 1025 1484 mavis

340 1509 502 1591 vituperari
525 1530 608 1586 vero,
632 1530 671 1569 an
696 1506 770 1570 falso
792 1507 963 1571 laudarier?

210 1594 316 1659 Panto.
339 1594 448 1659 Facilis
470 1611 515 1658 est
538 1595 701 1676 responsio,
725 1592 800 1657 falso
823 1594 971 1657 laudarier
994 1594 1085 1659 malo.

212 1681 279 1748 Got.
342 1681 454 1746 Credo.
500 1682 551 1744 sed
574 1704 632 1767 ego
654 1697 800 1744 neutrum
823 1681 913 1763 facio,

340 1790 398 1832 nec
420 1768 475 1832 tibi
498 1768 603 1831 falsam
625 1767 748 1831 laudern
770 1770 896 1856 affingo,

340 1878 399 1919 nec
422 1877 525 1919 veram
549 1856 686 1936 detraho,
709 1877 804 1938 quarn
827 1878 891 1919 non
915 1857 1017 1919 habes.
1285 1885 1313 1937 ⁷⁰

212 1944 318 2009 Panto.
341 1943 511 2006 Benefacis.
556 1941 766 2024 contemplare
789 1958 823 2005 vt
844 1965 896 2005 me
919 1944 1025 2007 deceat
1047 1942 1155 2027 pileus.

212 2030 280 2097 Gor.
343 2030 482 2111 Ecastor,
506 2029 588 2111 here,
612 2029 690 2091 nihil
712 2044 758 2091 est
781 2051 881 2112 supra.

211 2118 317 2184 Panto.
340 2116 470 2181 Verum.
516 2114 593 2179 nihil
616 2132 661 2180 est
682 2137 772 2199 supra
794 2116 920 2200 pileum.
966 2117 1017 2182 sed
1040 2117 1089 2181 dic
1111 2132 1145 2182 vt
1169 2119 1285 2185 deceat.

213 2207 280 2274 Gor.
343 2204 391 2269 Ita
414 2219 444 2268 te
465 2204 550 2289 Julia
571 2220 654 2267 amet
675 2218 710 2267 vt
732 2205 859 2286 optime.

341 2292 384 2356 sic
406 2292 491 2356 enim
514 2290 578 2373 fiet,
601 2306 635 2355 vt
657 2305 689 2354 te
711 2290 788 2354 nihil
811 2291 927 2377 diligat,
1286 2322 1315 2375 75

342 2379 420 2442 nihil
442 2379 527 2442 enim
549 2400 727 2463 quenquam
751 2378 839 2441 decet
862 2380 974 2443 minus.

212 2467 318 2532 Panto.
342 2465 430 2540 Quid
452 2467 584 2531 caetera?

214 2554 281 2621 Gor.
608 2552 676 2636 plus
696 2575 790 2636 quam
813 2553 959 2637 vulgaria.

344 2640 479 2724 capillus,
502 2638 615 2719 vultus,
637 2661 709 2720 vox,
732 2641 868 2721 vestitus,
890 2656 1000 2728 gestus,

345 2742 410 2791 tota
432 2727 564 2809 denique
587 2727 734 2790 habitudo
756 2729 899 2810 corporis,

343 2813 501 2877 hominem
525 2828 677 2876 sacratum
700 2813 816 2877 Veneri
840 2816 963 2879 indicat.
1285 2837 1318 2888 00

342 2900 399 2965 Est
421 2899 494 2985 (dijs
514 2901 624 2986 gratia)
646 2916 680 2964 vt
703 2923 864 2985 nunquam
887 2903 1002 2985 vspiam
1026 2904 1058 2966 in
1080 2902 1144 2968 vita
1165 2904 1289 2988 fuerim,

343 2988 419 3071 quin
443 3008 493 3049 me
516 3009 623 3050 omnes
645 3005 785 3052 amarent
808 2988 985 3072 plurimum.

346 3075 408 3138 Hic
430 3074 573 3156 equidem
597 3075 628 3136 in
652 3097 766 3161 magno
789 3077 905 3139 honore
927 3100 979 3140 me
1000 3100 1063 3141 esse
1086 3078 1192 3162 fateor,

344 3162 395 3225 sed
418 3161 498 3243 apud
521 3161 660 3225 nationes
681 3164 704 3225 si
728 3162 826 3225 forem
849 3179 974 3245 exteras,

345 3246 463 3329 Gallos,
487 3245 672 3329 Germanos,
694 3263 725 3311 at
749 3249 915 3315 Britannos
936 3251 1142 3334 potissimum,
1285 3273 1317 3337 85

344 3351 378 3398 vt
400 3357 450 3398 me
472 3357 581 3396 omnes
602 3335 723 3416 publice
744 3336 904 3401 colerent!

345 3422 430 3485 Nam
467 3437 672 3505 praeterquam
707 3423 790 3506 quod
821 3424 929 3487 formae
960 3426 1091 3509 dignitas
1120 3429 1196 3490 mihi
1231 3431 1317 3496 addit

345 3532 409 3573 non
433 3511 537 3573 tritam
561 3524 651 3571 teneo
675 3510 837 3573 medicinae
861 3512 954 3594 viam,
1160 3516 1317 3600 [gratiam‚
