3059 4275
203 545 291 609 Aer.
308 562 340 627 2,
356 545 404 611 sc.
422 546 470 629 φ]
587 536 937 615 HYMENAEUS
1264 563 1316 642 29

336 751 394 813 ego
415 729 458 799 ad¹
477 728 565 792 illum
589 729 651 792 iam
674 752 812 813 propero.
858 730 910 792 sed
932 729 1030 814 digito
1053 728 1209 794 labellum.
1284 760 1316 811 45

338 817 395 880 scis
417 817 493 899 quid
515 816 594 880 volo·

619 926 792 967 memorem
815 927 932 967 mones.

496 1075 665 1147 ncTus
703 1096 736 1147 2.
791 1075 957 1147 senua
994 1097 1027 1170 ς.
1081 1110 1085 1124 „

573 1212 727 1278 Amerina.
773 1213 948 1278 Leonardus.

280 1373 288 1391 .
338 1325 498 1391 Omnibus
519 1326 603 1410 quod
624 1327 712 1390 aiunt
734 1325 825 1389 laetor
847 1325 975 1411 laetitijs,

339 1413 423 1497 quod
445 1414 610 1477 conveniet
632 1415 705 1476 hera
727 1415 785 1476 hac
808 1427 900 1475 nocte
923 1412 1120 1496 Erophilum,

339 1522 426 1564 curus
449 1522 553 1563 amore
575 1522 637 1563 sese
661 1502 771 1563 misera
792 1516 937 1581 macerat,

339 1609 398 1650 nec
419 1588 511 1651 audet
534 1602 639 1650 tamen
662 1587 819 1669 displicere
842 1588 928 1670 patri.

341 1674 402 1737 iam
424 1675 599 1737 confectam
622 1675 714 1756 cupio
736 1696 870 1753 coenam,
895 1690 926 1738 vt
948 1674 1030 1737 herae
1054 1677 1211 1757 nuntiem,

339 1776 494 1844 quantum
516 1784 602 1825 nunc
626 1761 668 1823 illi
691 1777 851 1844 apportem
875 1763 958 1825 boni.

266 1896 274 1912 .
341 1849 436 1929 Hem,
459 1848 620 1929 Amerina,
644 1871 751 1911 meum
774 1847 973 1911 delicatulum
996 1849 1168 1930 corculum,

340 1958 409 1998 mea
430 1934 560 2019 agnella,
584 1958 671 1998 meus
693 1935 889 2017 passerculus,

340 2023 390 2084 vbi
415 2021 498 2103 lateS,
521 2038 554 2085 vt
576 2037 607 2084 te
630 2023 772 2104 nuspiam
795 2044 918 2104 possum
941 2023 1140 2106 conspicere?

341 2108 527 2174 Hilariorem
551 2108 725 2173 mehercule
749 2131 873 2172 coenam
897 2132 1059 2194 nunquam
1081 2111 1153 2193 vidi,

342 2194 570 2281 Pantomagum
592 2219 700 2261 omnes
722 2197 834 2278 rident,
857 2197 899 2259 ita
921 2198 1038 2261 facetus
1058 2213 1114 2263 est.

284 2331 292 2348 .
342 2282 470 2348 Ecastor
492 2284 569 2346 mihi
592 2284 765 2368 elegantem
788 2306 892 2347 narras
912 2284 1025 2367 virum,

341 2371 392 2434 sed
415 2386 448 2434 vt
470 2393 501 2434 se
525 2372 607 2434 intus
629 2371 708 2455 gerit
731 2393 821 2434 narra
843 2371 978 2435 obsecro.

268 2505 277 2521 .
341 2458 404 2521 Vbi
428 2459 564 2541 primum
588 2459 670 2522 aedes
692 2459 763 2521 istas
785 2458 966 2542 ingreditur,

342 2545 541 2628 Alphonsum
564 2568 650 2608 more
671 2544 868 2627 amplectitur
889 2546 997 2627 patrio,

343 2647 375 2694 et
396 2654 428 2695 se
450 2633 515 2695 eius
537 2633 627 2714 pedes
650 2630 727 2696 velle
749 2630 880 2695 osculari
902 2631 1030 2696 dixerat.

344 2719 522 2801 Respondet
544 2742 582 2782 ex
604 2720 741 2784 convivis
761 2718 839 2781 alter
862 2719 1020 2801 Horatius,

343 2805 528 2869 laboriosum
551 2829 613 2869 esse
636 2806 666 2868 id
689 2805 732 2869 illi
755 2806 858 2887 nimis,

343 2893 394 2956 sed
416 2915 480 2956 esse
503 2893 660 2976 quendam
684 2894 902 2956 intermedium
925 2891 1040 2975 locum,

343 3002 437 3063 quem
460 2980 589 3043 osculari
612 2996 711 3062 posset
734 2979 835 3043 multo
857 2979 984 3043 facilius.

345 3067 408 3130 Vbi
432 3089 540 3130 omnes
561 3069 700 3130 convivae
724 3067 937 3131 accubuissent
959 3067 1061 3149 simul,

346 3153 525 3236 Alphonsus
546 3176 721 3237 supremam
744 3175 860 3217 mensae
885 3168 1004 3236 partem
1026 3171 1168 3238 occupat,

346 3239 555 3325 Pantomagus
577 3242 803 3323 intermediam,
827 3239 969 3304 infimam
991 3241 1085 3325 Julia,

345 3350 467 3411 vnaque
489 3329 637 3392 assidebat
659 3329 751 3391 frater
774 3327 921 3392 Scaevola.

345 3415 437 3478 Tum
461 3415 659 3497 Alphonsum
681 3438 783 3479 versus
805 3415 932 3478 oculum
954 3413 1035 3497 pileo
1056 3418 1144 3500 tegit,

347 3503 471 3565 interim
494 3501 591 3565 altero
614 3503 722 3566 furtim
744 3517 879 3585 aspectat
900 3501 1028 3586 Juliam,
