3059 4275
214 530 266 640 58
593 533 942 613 HYMENAEus
1060 545 1165 631 [Aa.
1185 545 1316 632 Μ

211 726 283 792 Ero.
807 729 911 812 Cupio
934 730 1024 795 mori.
1289 763 1317 811 40

211 814 295 880 Dua.
341 814 430 891 Quin
453 818 512 881 hoc
535 817 629 881 modo
650 818 739 881 nobis
760 838 881 899 semper
902 819 1096 902 responsitat,

341 903 394 987 qui
417 905 440 967 si
464 906 506 968 ita
527 927 558 968 se
580 905 678 988 pergit
701 904 874 987 defendere,

342 1013 416 1054 eum
440 992 522 1056 brevi
546 1007 651 1056 manet
672 990 867 1075 supplicium.

343 1099 417 1142 nam
439 1101 616 1163 quanquam
639 1100 690 1141 me
713 1080 824 1142 mitem
846 1093 877 1142 et
899 1077 1087 1143 clementem
1110 1103 1178 1145 esse
1201 1083 1301 1165 cupio,

343 1164 374 1228 id
388 1179 494 1229 tamen
510 1181 633 1230 tantum
649 1188 782 1248 possum,
797 1166 882 1249 quod
896 1188 987 1249 aequo
1002 1168 1067 1230 iure
1082 1190 1222 1249 possum.
1291 1196 1318 1246 45

273 1297 281 1315 .
341 1250 375 1318 O
398 1274 450 1316 me
472 1253 517 1316 bis
539 1250 707 1317 miserum!
739 1268 898 1316 mortuum
921 1253 1035 1316 credidi
1057 1252 1162 1319 filium

343 1354 375 1403 et
398 1341 558 1405 revixisse:
589 1342 701 1403 iterum
724 1342 787 1403 iam
809 1362 880 1403 ecce
903 1356 1043 1403 mortuus
1066 1356 1123 1423 est,

342 1441 396 1490 aut
419 1429 511 1491 morti
534 1428 691 1510 proximus
712 1449 836 1490 summo
857 1449 931 1491 cum
953 1427 1111 1492 dedecore.

295 1558 303 1576 .
341 1512 495 1598 Equidem
517 1537 575 1599 ego
598 1536 662 1577 non
683 1515 827 1595 admiror,
849 1514 901 1577 sed
923 1529 1041 1597 stupeo,

343 1601 386 1665 ita
406 1622 510 1665 sensus
531 1623 639 1665 omnes
661 1602 879 1684 perturbantur
899 1602 987 1666 mihi.

341 1686 512 1769 Alphonse‚
536 1688 586 1771 pol
609 1690 686 1751 mihi
710 1689 855 1773 insignite
877 1686 913 1752 fit
935 1689 1056 1753 iniuria.

341 1796 464 1858 aquam,
486 1797 581 1858 quam
604 1797 702 1858 nuper
725 1776 886 1839 Amerinae
909 1777 1088 1839 servandam
1110 1776 1192 1859 dedi,

342 1884 411 1926 eam
434 1859 561 1926 effusam
584 1863 659 1926 dicit
680 1863 761 1926 salva
783 1864 908 1926 interim
931 1862 1040 1945 phiala.

343 1950 395 2012 vix
416 1950 570 2014 coronatis
592 1950 698 2013 decem
720 1972 800 2030 eam,
824 1948 992 2032 Alphonse‚
1015 1951 1186 2033 composui.

294 2084 302 2100 .
345 2034 453 2111 Quam
476 2053 511 2100 tu
534 2037 610 2099 mihi
634 2059 746 2116 narras,
770 2035 970 2121 Pantomage
992 2036 1128 2120 aquam?
1291 2067 1321 2119 5⁵

342 2124 470 2209 Aquam
491 2147 586 2209 quam
608 2122 783 2206 afferebam,
806 2147 879 2188 cum
902 2139 934 2189 te
954 2126 1047 2189 secari
1069 2123 1148 2189 velle
1170 2125 1300 2210 dixeras,

343 2233 455 2295 aquam
477 2214 624 2296 opiatam,
647 2212 855 2295 soporiferam,
877 2233 949 2296 quae
973 2227 1015 2294 te,
1038 2213 1113 2276 dum
1134 2234 1281 2296 secarere,

344 2300 376 2362 in
398 2321 544 2363 somnum
566 2300 743 2385 conijceret.

343 2409 412 2451 eam
434 2409 466 2450 se
488 2386 563 2450 dicit
585 2387 749 2470 reposuisse
771 2388 803 2449 in
826 2384 964 2449 conclavi
986 2385 1092 2469 Juliae,

344 2489 448 2558 postea
469 2497 542 2538 cum
564 2475 672 2555 sitiret,
693 2496 725 2537 se
747 2488 891 2558 epotasse.
937 2471 1035 2537 Ludit
1057 2497 1109 2538 me
1129 2473 1251 2538 stolida.
1287 2488 1323 2542 60

344 2584 417 2625 nam
439 2563 463 2626 si
486 2583 554 2625 eam
577 2562 698 2625 bibisset
720 2562 769 2644 (vt
790 2583 822 2625 se
844 2560 951 2625 bibisse
974 2562 1134 2645 praedicat)

344 2670 412 2713 eam
436 2670 556 2713 necesse
577 2662 653 2712 esset
674 2670 798 2712 sensum
820 2648 977 2732 vitamque
998 2649 1132 2731 perdere.

213 2733 303 2819 Alph.
346 2734 497 2816 Obsecro,
521 2734 721 2822 Pantomage,
744 2737 929 2799 Amerinam
960 2736 1022 2799 huc
1052 2735 1131 2800 foras
1160 2757 1265 2818 evoca,
1287 2751 1321 2800 et

213 2820 327 2887 Panto.
351 2822 435 2885 Here
457 2837 488 2885 et
511 2822 682 2905 Alphonse‚
704 2824 780 2908 quid
803 2846 861 2909 ego
883 2821 997 2886 audio?
1171 2821 1319 2906 [Julimr.

212 2908 281 2973 Fer.
342 2906 514 2990 Quidnam,
538 2907 709 2974 Pantaleo?

214 2994 330 3060 Panto.
715 2995 827 3061 Inveni
849 3019 947 3081 spero,
1286 3011 1319 3076 ⁶5

343 3083 396 3168 qui
419 3095 451 3145 te
473 3081 587 3164 dolore,
610 3099 641 3147 et
664 3099 695 3148 te
717 3085 865 3149 dedecore
887 3084 1024 3149 liberem.

213 3169 301 3255 Alph.
346 3169 412 3244 Qui
435 3169 584 3232 obsecro?
976 3170 978 3174 ’

212 3258 325 3323 Panto.
598 3257 701 3320 inveni
724 3256 892 3342 Erophilus
912 3281 975 3344 quo
997 3275 1137 3324 mortuus
1155 3259 1195 3323 sit
1214 3257 1320 3325 modo.

214 3345 282 3411 Fer.
350 3343 427 3420 Quo
448 3343 597 3407 tandem?

213 3431 326 3498 Panta.
588 3431 726 3515 Aquam,
736 3455 807 3516 quae
818 3440 964 3496 somnum
980 3435 1072 3499 morti
1087 3432 1219 3498 similem
1236 3435 1321 3518 facit,

343 3519 504 3584 Amrinae
527 3517 737 3582 asservandam
759 3541 791 3582 se
813 3519 928 3583 dedisse
949 3520 1024 3586 dicit
1046 3523 1194 3586 medicus.
