3059 4275
195 541 281 609 Aer.
297 562 329 627 2,
345 543 393 608 Sc
410 542 459 629 3⁸]
576 534 926 614 HYMENAEUS

195 728 268 818 Jur.

196 905 306 970 Panto.

195 1165 267 1229 Fre.

197 1425 267 1490 Got.

195 1512 305 1578 Panto.

196 1600 267 1664 Fre.

195 1686 263 1751 Leo.

195 1773 304 1839 Panto.

197 1860 266 1925 Got.

196 1946 268 2035 Jul.

196 2035 267 2100 Fre.

196 2207 268 2298 Jul.

198 2296 266 2360 Fre.

332 732 421 806 Quid
443 733 498 796 tibi
522 732 636 814 videor,
659 730 863 816 Pantomage,
886 732 1000 813 nescio,

329 820 442 883 tristior
463 819 607 904 equidem
631 842 695 882 non
716 842 787 883 sum
809 841 904 903 quam
925 819 1017 883 soleo.

330 906 451 989 Nesis,
473 929 548 969 nam
570 908 691 970 sanitati
714 907 849 989 corporis
872 922 996 970 maestus
1017 907 1140 969 animus
1161 904 1266 986 officit,

330 993 360 1055 id
380 994 458 1057 adeo
480 1016 603 1076 possum
625 1009 742 1076 septem
764 994 954 1078 argumentis
975 993 1145 1074 ostendere,

328 1102 400 1163 quae
423 1081 578 1144 brevitatis
598 1102 689 1144 causa
711 1081 947 1163 praetermittam
969 1082 1084 1143 omnia.
1271 1109 1304 1160 90

327 1166 400 1251 Jam
423 1167 550 1231 tandem
572 1168 612 1231 da
633 1168 709 1230 mihi
732 1167 878 1251 loquendi
900 1168 1152 1248 vicissitudinem,

328 1254 453 1317 hercule
474 1276 549 1338 pace
570 1255 652 1338 quod
675 1254 729 1318 fiat
750 1270 815 1336 tua,

328 1356 363 1404 vt
383 1340 474 1405 liceat
496 1342 661 1405 convenire
684 1343 776 1423 hanc,
798 1357 829 1404 et
851 1342 922 1405 dare
944 1364 1015 1425 quae
1038 1340 1192 1405 volumus.

330 1427 479 1511 Aequum
502 1429 646 1511 postulat,
668 1430 750 1511 here,
775 1429 812 1492 da
835 1428 877 1492 illi
900 1430 1034 1492 veniam.
1165 1428 1303 1512 [poterit.

331 1513 409 1577 Non
440 1531 547 1579 metuo
576 1539 621 1578 ne.
647 1518 723 1579 mihi
753 1539 893 1579 amorem
928 1516 1094 1598 praeripiat‚
1125 1530 1195 1599 agat
1228 1515 1303 1598 quid

333 1602 419 1665 Hem
434 1603 491 1665 ista
507 1603 572 1685 tibi,
588 1603 665 1666 min’
680 1603 775 1686 Julia‚
791 1604 903 1665 amoris
918 1604 950 1664 in
966 1619 997 1666 11
1012 1604 1073 1665 mei
1091 1603 1213 1665 indicia.
1270 1616 1303 1683 96

327 1689 414 1752 Bene
435 1706 492 1771 est,
515 1692 597 1753 here.
619 1712 743 1754 exorsus
764 1712 796 1752 es
819 1690 955 1772 pulchre.

329 1776 411 1839 Haec
433 1791 505 1841 sunt
527 1776 608 1841 dona
630 1776 816 1841 triobularia.

815 1863 885 1927 Imo
907 1863 1164 1947 quadrantularia.

328 1948 380 2013 Ad
402 1949 477 2033 quid
499 1951 691 2033 conducunt,
714 1951 896 2015 Frederice?

911 2038 964 2101 Ad
986 2038 1061 2121 quid
1082 2035 1282 2101 conducunt?

328 2122 398 2188 vide
421 2125 605 2209 imperitiam
629 2125 782 2190 foeminae.
825 2125 864 2189 ad
886 2125 1073 2210 gustandum
1096 2140 1216 2208 potum.
1256 2155 1303 2190 100

328 2212 374 2275 At
397 2213 483 2277 istaec
505 2236 570 2276 non
592 2236 673 2277 am0.

668 2300 760 2365 Tum
783 2316 818 2364 tu
841 2300 922 2363 bona
943 2322 1007 2363 non
1029 2321 1114 2363 amas
1135 2297 1255 2382 aedipol.

259 2432 267 2446 .
328 2385 456 2450 Tamen
478 2410 542 2450 non
566 2409 674 2451 recuso
695 2404 726 2450 et
750 2387 805 2450 tibi
829 2388 927 2451 habeo
949 2388 1089 2470 gratiam.

329 2495 368 2536 en
392 2473 444 2536 illa
464 2476 579 2558 accipe,
602 2475 763 2538 Amerina.

781 2560 851 2625 Imo
872 2583 976 2624 servus
997 2561 1126 2645 gestabit
1149 2583 1244 2626 meus.

328 2647 403 2710 Non
419 2669 542 2730 possum
558 2649 619 2732 pati
632 2664 696 2712 tam
712 2650 908 2731 incomptum
923 2649 1043 2712 asinum
1059 2670 1132 2710 cum
1148 2664 1213 2711 tam
1225 2647 1305 2711 bella

330 2735 362 2796 in
377 2757 441 2818 quo
456 2735 534 2798 nihil
549 2751 594 2799 111
609 2737 771 2817 acuminis,
787 2759 828 2799 ne
843 2735 1000 2799 tantillum
1017 2735 1144 2821 ingenij.
1172 2736 1304 2820 [virgine

257 2866 265 2884 .
329 2821 459 2903 Audin'‚
483 2824 566 2903 here,
588 2845 659 2906 quae
681 2822 825 2906 loquatur
847 2822 1007 2886 medicus?
1257 2836 1304 2888 106

330 2908 525 2993 incomptum
548 2924 579 2973 te
600 2933 663 2974 esse
685 2911 759 2974 dicit
782 2928 812 2973 et
834 2910 1004 2992 stupidum.

260 3042 268 3058 .
331 2995 419 3069 Quid
443 3019 501 3080 ego
523 3019 573 3061 me
596 2999 791 3080 incomptum
814 3019 877 3060 esse
899 2996 997 3060 curo?

328 3105 392 3146 non
415 3099 542 3166 vestem,
565 3084 617 3148 sed
639 3085 730 3147 vestis
753 3084 867 3147 fartum
890 3100 997 3147 amant
1019 3082 1172 3148 mulieres.

256 3217 264 3234 .
329 3169 387 3233 Sed
409 3172 557 3254 quoniam
579 3172 704 3258 ingenio
727 3171 874 3256 gloriatur
895 3194 960 3253 suo,
1258 3202 1305 3237 110

329 3257 413 3408 ppbps
429 3259 505 3321 mihi
517 3259 651 3340 veniam,
663 3274 697 3321 vt
711 3258 854 3342 quaedam
871 3257 914 3321 illi
930 3279 1100 3341 proponam
1116 3260 1292 3343 aenigmata.

258 3391 266 3408 .
365 3366 383 3407 a
405 3367 434 3407 ο.

460 3447 492 3495 11
513 3447 548 3496 tu
572 3433 657 3513 item,
679 3430 773 3516 Julia.

259 3565 266 3582 .
328 3518 387 3582 Me
409 3517 535 3582 lubente
557 3520 673 3582 feceris.
