3059 4275
181 532 265 597 Aer.
283 550 314 616 2,
332 530 382 597 Sc.
397 534 445 617 4⁵]
562 525 912 604 HYMENAEUS

182 716 248 781 Leo.
313 718 409 782 Meus
429 718 556 782 scilicet.

183 804 252 869 Gor.
587 821 658 869 tuus
679 804 830 869 videlicet.

315 892 375 955 Fre
390 892 493 956 fremit
518 894 549 955 in
574 893 704 974 mundo,
729 894 766 955 de
789 893 934 976 deprimit
957 891 1019 956 alta
1044 893 1207 976 profundo,

314 980 354 1043 Ri
378 980 459 1043 mala
480 982 618 1061 rimatur,
642 1002 696 1043 cus
717 980 841 1062 cuspide
863 996 977 1042 cuncta
999 981 1144 1044 minatur.

315 1068 387 1130 Hoc
408 1067 484 1130 adeo
506 1090 623 1130 novum
646 1084 701 1148 est,
724 1089 781 1151 ego
804 1068 863 1130 hoc
886 1067 990 1130 inveni
1014 1067 1142 1150 primus,

313 1155 412 1223 victus
433 1168 488 1235 est,
511 1154 646 1235 labascit,
669 1169 738 1217 tum
761 1169 815 1216 tua
836 1154 914 1217 ridet
935 1154 1028 1237 Julia.
1241 1184 1287 1235 145

179 1238 252 1329 Jul.
312 1240 384 1324 Jam
406 1256 528 1324 tempus
550 1256 594 1304 est
618 1264 672 1304 nos
695 1241 832 1322 introire,
857 1240 1056 1325 Pantomage.

320 1328 360 1391 ibi
384 1351 402 1391 a
424 1350 515 1391 coena
536 1343 747 1411 proponentur
769 1344 891 1392 caetera.

178 1415 287 1478 Panto.
315 1415 378 1478 Vbi
401 1415 457 1477 tibi
479 1416 642 1495 videbitur,
667 1430 702 1478 tu
724 1416 844 1497 praeito,
867 1438 924 1478 nos
946 1437 1120 1499 sequemur.

180 1501 250 1566 Fre.
311 1502 381 1585 Ego
403 1525 454 1565 me
476 1503 534 1565 viae
559 1502 614 1565 tibi
638 1503 716 1565 dabo
739 1503 861 1565 ducem.
1006 1502 1166 1586 [Camillus
1182 1502 1288 1567 intrat.

180 1588 288 1652 Panto.
311 1590 403 1653 Tum
425 1612 483 1676 ego
505 1590 578 1652 huic
602 1612 652 1653 me
675 1590 754 1653 dabo
777 1591 935 1653 comitem.
1244 1618 1292 1667 150

181 1676 250 1740 Gor.
313 1675 357 1740 Et
378 1698 436 1763 ego
458 1691 489 1739 te
511 1698 630 1760 sequar,
654 1693 687 1740 vt
708 1678 817 1739 vmbra
838 1678 969 1740 asinum.
1295 1694 1297 1697 ·

475 1838 644 1910 Actus
673 1860 706 1910 2.
761 1839 927 1910 senua
953 1866 986 1929 4.

479 1988 632 2051 Camillus.
679 1988 793 2051 Baiuli.
838 1987 992 2051 Amerina.

261 2157 268 2174 .
312 2110 367 2196 Hij
393 2111 453 2173 iam
477 2110 560 2174 intro
581 2133 613 2174 se
635 2112 673 2175 ad
696 2134 821 2175 coenam
844 2111 1007 2194 recipiunt,

313 2198 362 2261 vbi
385 2220 442 2261 nos
464 2197 530 2261 illos
553 2201 658 2262 statim
681 2215 714 2263 vt
736 2222 824 2282 spero
846 2200 1027 2280 videbimus,

312 2285 368 2348 nisi
392 2287 452 2348 hoc
475 2287 635 2369 negotium
659 2309 710 2349 me
733 2303 904 2349 remoratur
927 2287 1027 2349 nimis.

311 2370 399 2434 Nam
421 2388 582 2456 postquam
605 2373 643 2436 ad
666 2374 768 2436 forum
792 2373 893 2454 venio,

311 2459 415 2542 accepi
439 2482 456 2521 a
478 2475 563 2543 patre
587 2483 658 2523 meo
681 2461 791 2541 literas,

312 2567 362 2609 me
384 2568 501 2610 merces
522 2548 670 2630 quasdam
692 2563 893 2630 accepturum
916 2569 979 2610 esse
1001 2546 1102 2609 hodie.

312 2632 484 2696 Fabritium
506 2635 560 2717 qui
583 2635 716 2716 advexit,
739 2635 820 2717 apud
843 2635 946 2697 forum
968 2634 1099 2697 conveni
1123 2633 1228 2714 modo,

311 2721 364 2802 qui
387 2721 464 2783 mihi
487 2721 564 2786 dixit
586 2744 617 2786 se
640 2724 820 2804 praecepisse
841 2721 976 2802 servulis,

310 2823 343 2870 vt
365 2829 415 2870 eas
436 2808 566 2871 domum
588 2810 626 2872 ad
648 2831 699 2871 me
721 2809 918 2872 adducerent.

309 2909 402 2977 atque
423 2897 641 2978 percommode
664 2917 773 2958 eccum
795 2896 885 2958 video

310 2983 459 3064 quosdam
481 2984 543 3045 huc
566 2984 709 3047 advenire
731 2982 857 3046 baiulos.

311 3068 352 3154 dij
377 3069 452 3132 dent
474 3085 508 3133 vt
530 3071 592 3133 sint
614 3092 691 3153 quos
715 3071 816 3152 cupio.

310 3156 396 3219 Nam
419 3155 615 3239 Erophilum,
638 3159 661 3220 si
686 3158 738 3220 diu
761 3179 883 3237 maneo,
906 3156 1043 3220 multum
1066 3156 1214 3238 fefellero,

309 3265 404 3327 quem
426 3246 490 3307 scio
512 3244 679 3308 sollicitum
702 3266 775 3326 esse,
796 3244 872 3307 dum
895 3266 952 3331 ego
975 3245 1075 3307 redeo.
1121 3243 1187 3306 Vos
1207 3245 1289 3307 vnde
1392 3283 1394 3288 -

176 3331 250 3395 Bai.
309 3330 342 3394 A
365 3331 434 3393 navi
458 3331 597 3418 Fabritij.
1182 3330 1290 3412 [estisi

178 3420 267 3483 Cam.
618 3419 637 3503 ij
661 3433 743 3482 sunt.
789 3441 852 3502 quo
874 3417 1023 3482 tenditis?
1258 3445 1289 3496 15

174 3505 250 3570 Bai.
307 3505 360 3568 Ad
383 3503 554 3569 Camillum
578 3504 669 3592 Lucij
695 3504 805 3570 filium.
