3059 4275
215 506 267 611 48

213 703 284 770 Ero.

216 791 282 857 Get.

213 966 296 1031 Dua.

588 510 945 590 HYMENAEUS
1062 522 1317 609 [Ace.4,Sc4·

341 702 411 793 Ego
434 704 518 769 illam
540 706 609 787 tibi,
631 705 768 788 sceleste,
790 705 928 791 linguam
952 708 1172 790 comprimam.

340 789 431 856 Dum
454 792 505 856 ille
528 793 602 875 exit,
625 815 683 877 ego
704 794 743 857 ad
765 795 876 857 herum
898 808 1063 877 transeam,

345 896 379 943 vt
401 901 474 943 eum
497 880 625 943 istorum
648 882 812 944 certiorem
835 880 956 945 faciam.

342 966 466 1053 Inijcite
489 965 547 1030 illis
568 967 713 1031 omnibus
734 983 875 1031 actutum
900 990 1019 1032 manus
1287 988 1316 1051 ⁸5

344 1052 401 1139 Dij
426 1052 624 1134 immortales,
646 1054 698 1117 vbi
722 1055 784 1117 iam
807 1054 937 1137 probum
961 1055 1099 1119 invenies
1121 1058 1237 1141 virum,

342 1163 436 1224 quem
459 1162 518 1203 nec
540 1139 629 1204 vultu
652 1157 738 1223 potes
760 1163 819 1205 nec
841 1142 935 1205 verbo
958 1142 1192 1209 internoscere?

343 1228 406 1290 Hic
428 1228 481 1311 qui
504 1249 535 1291 se
558 1227 651 1291 modo
674 1242 705 1291 et
727 1249 798 1292 suos
819 1228 954 1310 hospites

344 1330 430 1378 tanta
452 1314 588 1378 defendit
610 1316 774 1378 verborum
797 1316 979 1397 constantia,

344 1424 416 1465 ecce
439 1416 574 1484 repertus
596 1417 641 1464 est
663 1402 754 1465 huius
775 1402 848 1465 furti
873 1403 1023 1484 conscius,

342 1487 417 1552 dum
441 1489 531 1552 hosce
554 1487 591 1551 ad
613 1510 677 1551 sese
699 1489 798 1559 sciens
820 1490 936 1572 recipit.

344 1576 407 1638 Hic
429 1575 604 1638 invenimus
626 1596 744 1638 merces
767 1574 842 1654 illas,
864 1598 940 1659 quas
962 1576 1143 1660 quaerimus,

343 1663 375 1724 hi
399 1684 464 1726 rem
487 1683 615 1725 omnem
638 1662 774 1726 fatentur
796 1661 978 1745 planissime.

283 1798 291 1815 .
345 1749 406 1813 Vae
425 1749 520 1813 vobis.
565 1770 619 1812 vos
637 1772 687 1813 me
707 1749 872 1814 honestum
892 1751 963 1814 satis
982 1751 1171 1835 corrupistis,
1187 1755 1318 1838 pessimi,

343 1851 375 1901 et
397 1859 448 1900 me
470 1836 603 1899 invitum
626 1836 664 1899 ad
687 1837 746 1899 hoc
769 1837 900 1901 traxistis
921 1837 1050 1902 furtum.
1286 1871 1317 1925 9⁵

270 1971 278 1988 .
341 1925 411 1988 Imo
434 1923 570 2006 profecto
592 1923 644 1986 hic
666 1922 830 1987 consilium
853 1924 969 2006 primus
991 1924 1086 2007 dedit,

341 2033 489 2094 suamque
511 2010 599 2073 nobis
622 2032 714 2093 opem
736 2026 781 2073 est
803 2009 883 2073 vltro
905 2009 1069 2094 pollicitus.

287 2147 295 2165 .
341 2096 427 2163 Bene
450 2113 504 2162 est.
550 2097 619 2160 haec
641 2096 702 2162 alio
724 2114 951 2185 cognoscentur
972 2098 1050 2164 loco.

342 2201 412 2250 tum
434 2208 465 2249 se
489 2186 624 2249 fatentur
647 2186 754 2248 cistam
777 2186 954 2267 surripuisse
976 2184 1084 2273 Lucij,

343 2275 374 2336 in
397 2295 490 2357 quam
513 2270 663 2335 sublatam
686 2271 823 2354 praedam
846 2273 1052 2355 imponerent.
1271 2309 1319 2346 ,ω

342 2360 405 2424 Vbi
429 2359 479 2423 illa
500 2360 575 2423 cista
597 2358 665 2423 est?
695 2357 844 2422 educatur
866 2359 954 2423 foras.
1045 2359 1196 2444 [Pantom.
1212 2365 1319 2432 intrat.

341 2449 419 2512 bene
438 2469 562 2530 operam
582 2445 779 2528 collocamus,
796 2446 912 2509 inventi
928 2447 1021 2530 fures,
1037 2463 1105 2512 tum
1121 2451 1217 2516 etiam
1231 2451 1317 2536 alius,

342 2537 428 2600 cuius
450 2557 540 2599 musa
560 2556 624 2618 quo
646 2555 771 2597 evasura
791 2534 830 2596 sit
851 2533 985 2597 demiror
1006 2535 1108 2600 nimis.

277 2671 285 2689 .
340 2623 370 2688 si
396 2623 472 2707 quid
495 2621 674 2700 meruerim,
698 2643 762 2684 non
785 2642 891 2684 recuso
912 2620 1109 2703 supplicium.

210 3146 277 3212 Got.

287 2758 294 2776 .
340 2709 407 2775 Vos
429 2732 479 2773 me
501 2709 677 2793 sequimini,
699 2723 732 2770 vt
754 2708 827 2771 huic
851 2707 892 2771 rei
916 2708 1024 2772 demus
1046 2731 1184 2792 operam.
1270 2741 1315 2794 ¹05

499 2878 668 2951 Acrus
695 2906 730 2969 4.
784 2878 950 2950 scENA
978 2868 1055 2974 52.

570 3019 775 3103 Pantomagus.
823 3019 952 3085 Gothrio.

338 3147 427 3210 Num
450 3167 521 3208 vera
543 3145 598 3207 tibi
621 3145 758 3225 tandem,
782 3146 865 3225 here,
887 3143 995 3208 dixisse
1017 3144 1132 3226 videor,

338 3234 561 3315 deprehensum
584 3254 646 3294 esse
669 3253 724 3313 pro
746 3232 813 3295 fure
836 3229 1045 3314 Erophilumi

209 3320 315 3386 Panto.
337 3320 411 3404 Jam
434 3341 484 3382 me
508 3319 548 3404 dij
572 3319 681 3400 opinor
704 3319 837 3381 nimium
863 3317 1005 3403 diligunt,

337 3409 379 3470 ita
402 3429 452 3469 me
474 3405 584 3488 amplis
606 3403 763 3491 beneficijs
786 3420 924 3468 onerant.

338 3493 444 3559 Primo
466 3494 538 3556 artis
559 3492 656 3579 gratia
678 3514 728 3554 me
751 3491 860 3555 colunt
882 3492 1014 3574 publice.
