<?xml version="1.0" encoding="UTF-8"?>
<!DOCTYPE html PUBLIC "-//W3C//DTD XHTML 1.0 Transitional//EN"
    "http://www.w3.org/TR/xhtml1/DTD/xhtml1-transitional.dtd">
<html xmlns="http://www.w3.org/1999/xhtml" xml:lang="en" lang="en">
 <head>
  <title>
</title>
<meta http-equiv="Content-Type" content="text/html;charset=utf-8" />
  <meta name='ocr-system' content='tesseract 3.04.00' />
  <meta name='ocr-capabilities' content='ocr_page ocr_carea ocr_par ocr_line ocrx_word'/>
</head>
<body>
  <div class='ocr_page' id='page_1' title='image "./hymenusacomedya00smitgoog_0074.png"; bbox 0 0 3059 4275; ppageno 0'>
   <div class='ocr_carea' id='block_1_1' title="bbox 588 532 1303 643">
    <p class='ocr_par' dir='ltr' id='par_1_1' title="bbox 588 532 1303 643">
     <span class='ocr_line' id='line_1_1' title="bbox 588 532 1303 643; baseline -0.008 -31"><span class='ocrx_word' id='word_1_1' title='bbox 588 532 938 612; x_wconf 76' lang='lat' dir='ltr'><strong>urmnurnus</strong></span> <span class='ocrx_word' id='word_1_2' title='bbox 1022 543 1303 643; x_wconf 41' lang='lat' dir='ltr'><strong>¹[acsem-</strong></span> 
     </span>
    </p>
   </div>
   <div class='ocr_carea' id='block_1_2' title="bbox 211 725 1320 3596">
    <p class='ocr_par' dir='ltr' id='par_1_2' title="bbox 272 725 1311 2027">
     <span class='ocr_line' id='line_1_2' title="bbox 339 725 1305 812; baseline 0.004 -23"><span class='ocrx_word' id='word_1_3' title='bbox 339 726 398 789; x_wconf 90' lang='lat' dir='ltr'><strong>hoc</strong></span> <span class='ocrx_word' id='word_1_4' title='bbox 421 727 505 789; x_wconf 90' lang='lat' dir='ltr'><strong>enim</strong></span> <span class='ocrx_word' id='word_1_5' title='bbox 528 748 624 790; x_wconf 91' lang='lat' dir='ltr'><strong>nemo</strong></span> <span class='ocrx_word' id='word_1_6' title='bbox 646 725 788 812; x_wconf 90' lang='lat' dir='ltr'><strong>Venetijs</strong></span> <span class='ocrx_word' id='word_1_7' title='bbox 811 726 931 790; x_wconf 88' lang='lat' dir='ltr'><strong>habitus</strong></span> <span class='ocrx_word' id='word_1_8' title='bbox 952 742 998 790; x_wconf 90' lang='lat' dir='ltr'><strong>est</strong></span> <span class='ocrx_word' id='word_1_9' title='bbox 1021 730 1194 810; x_wconf 89' lang='lat' dir='ltr'><strong>potentior.</strong></span> <span class='ocrx_word' id='word_1_10' title='bbox 1282 758 1305 793; x_wconf 78' lang='grc' dir='ltr'><strong>ιο</strong></span> 
     </span>
     <span class='ocr_line' id='line_1_3' title="bbox 340 810 928 899; baseline 0.002 -24"><span class='ocrx_word' id='word_1_11' title='bbox 340 810 399 877; x_wconf 88' lang='lat' dir='ltr'><strong>Sed</strong></span> <span class='ocrx_word' id='word_1_12' title='bbox 422 814 544 899; x_wconf 85' lang='lat' dir='ltr'><strong>perijsse</strong></span> <span class='ocrx_word' id='word_1_13' title='bbox 566 829 657 876; x_wconf 90' lang='lat' dir='ltr'><strong>tuum</strong></span> <span class='ocrx_word' id='word_1_14' title='bbox 680 835 783 877; x_wconf 86' lang='lat' dir='ltr'><strong>narras</strong></span> <span class='ocrx_word' id='word_1_15' title='bbox 805 812 928 876; x_wconf 89' lang='lat' dir='ltr'><strong>filium?</strong></span> 
     </span>
     <span class='ocr_line' id='line_1_4' title="bbox 339 899 1059 986; baseline 0.004 -25"><span class='ocrx_word' id='word_1_16' title='bbox 339 899 500 986; x_wconf 86' lang='lat' dir='ltr'><strong>deperijsse</strong></span> <span class='ocrx_word' id='word_1_17' title='bbox 521 900 657 984; x_wconf 87' lang='lat' dir='ltr'><strong>aliquam</strong></span> <span class='ocrx_word' id='word_1_18' title='bbox 679 901 780 963; x_wconf 87' lang='lat' dir='ltr'>forsan</span> <span class='ocrx_word' id='word_1_19' title='bbox 803 900 925 963; x_wconf 91' lang='lat' dir='ltr'><strong>voluisti</strong></span> <span class='ocrx_word' id='word_1_20' title='bbox 947 900 1059 965; x_wconf 84' lang='lat' dir='ltr'><strong>dicere.</strong></span> 
     </span>
     <span class='ocr_line' id='line_1_5' title="bbox 340 986 790 1051; baseline 0.004 -2"><span class='ocrx_word' id='word_1_21' title='bbox 340 986 410 1051; x_wconf 90' lang='lat' dir='ltr'><strong>Imo</strong></span> <span class='ocrx_word' id='word_1_22' title='bbox 432 1010 505 1051; x_wconf 89' lang='lat' dir='ltr'><strong>vero</strong></span> <span class='ocrx_word' id='word_1_23' title='bbox 528 1003 688 1050; x_wconf 90' lang='lat' dir='ltr'><strong>mortuum</strong></span> <span class='ocrx_word' id='word_1_24' title='bbox 711 988 790 1051; x_wconf 89' lang='lat' dir='ltr'><strong>dico.</strong></span> 
     </span>
     <span class='ocr_line' id='line_1_6' title="bbox 340 1071 1293 1158; baseline 0.005 -21"><span class='ocrx_word' id='word_1_25' title='bbox 340 1071 428 1148; x_wconf 90' lang='lat' dir='ltr'><strong>Quid</strong></span> <span class='ocrx_word' id='word_1_26' title='bbox 452 1073 635 1138; x_wconf 89' lang='lat' dir='ltr'><strong>mortuum?</strong></span> <span class='ocrx_word' id='word_1_27' title='bbox 666 1075 697 1137; x_wconf 93' lang='lat' dir='ltr'><strong>id</strong></span> <span class='ocrx_word' id='word_1_28' title='bbox 718 1073 861 1158; x_wconf 88' lang='lat' dir='ltr'>equidem</span> <span class='ocrx_word' id='word_1_29' title='bbox 884 1074 1086 1138; x_wconf 89' lang='lat' dir='ltr'><strong>humanitatis</strong></span> <span class='ocrx_word' id='word_1_30' title='bbox 1112 1077 1181 1141; x_wconf 91' lang='lat' dir='ltr'><strong>iure</strong></span> <span class='ocrx_word' id='word_1_31' title='bbox 1202 1078 1293 1142; x_wconf 89' lang='lat' dir='ltr'><strong>doleo.</strong></span> 
     </span>
     <span class='ocr_line' id='line_1_7' title="bbox 340 1161 1311 1245; baseline 0.005 -21"><span class='ocrx_word' id='word_1_32' title='bbox 340 1161 394 1224; x_wconf 88' lang='lat' dir='ltr'><strong>sed</strong></span> <span class='ocrx_word' id='word_1_33' title='bbox 416 1163 469 1245; x_wconf 92' lang='lat' dir='ltr'><strong>qui</strong></span> <span class='ocrx_word' id='word_1_34' title='bbox 492 1164 552 1224; x_wconf 92' lang='lat' dir='ltr'><strong>hoc</strong></span> <span class='ocrx_word' id='word_1_35' title='bbox 575 1183 681 1244; x_wconf 83' lang='lat' dir='ltr'><strong>quaeso</strong></span> <span class='ocrx_word' id='word_1_36' title='bbox 702 1161 740 1224; x_wconf 87' lang='lat' dir='ltr'><strong>ad</strong></span> <span class='ocrx_word' id='word_1_37' title='bbox 764 1184 814 1224; x_wconf 91' lang='lat' dir='ltr'><strong>me</strong></span> <span class='ocrx_word' id='word_1_38' title='bbox 837 1162 1029 1244; x_wconf 88' lang='lat' dir='ltr'><strong>potissimum</strong></span> <span class='ocrx_word' id='word_1_39' title='bbox 1051 1162 1193 1228; x_wconf 80' lang='lat' dir='ltr'>attinet?</span> <span class='ocrx_word' id='word_1_40' title='bbox 1288 1191 1311 1243; x_wconf 80' lang='lat'><strong>¹⁵</strong></span> 
     </span>
     <span class='ocr_line' id='line_1_8' title="bbox 343 1248 1116 1313; baseline 0.003 -2"><span class='ocrx_word' id='word_1_41' title='bbox 343 1249 470 1312; x_wconf 85' lang='lat' dir='ltr'><strong>Audies.</strong></span> <span class='ocrx_word' id='word_1_42' title='bbox 516 1271 533 1311; x_wconf 89' lang='lat' dir='ltr'><strong>e</strong></span> <span class='ocrx_word' id='word_1_43' title='bbox 556 1250 617 1311; x_wconf 90' lang='lat' dir='ltr'><strong>tuis</strong></span> <span class='ocrx_word' id='word_1_44' title='bbox 638 1248 735 1311; x_wconf 89' lang='lat' dir='ltr'><strong>elatus</strong></span> <span class='ocrx_word' id='word_1_45' title='bbox 757 1264 802 1311; x_wconf 91' lang='lat' dir='ltr'><strong>est</strong></span> <span class='ocrx_word' id='word_1_46' title='bbox 826 1263 964 1312; x_wconf 88' lang='lat' dir='ltr'><strong>mortuus</strong></span> <span class='ocrx_word' id='word_1_47' title='bbox 987 1248 1116 1313; x_wconf 88' lang='lat' dir='ltr'><strong>aedibus.</strong></span> 
     </span>
     <span class='ocr_line' id='line_1_9' title="bbox 343 1333 1200 1420; baseline 0.005 -22"><span class='ocrx_word' id='word_1_48' title='bbox 343 1333 395 1399; x_wconf 90' lang='lat' dir='ltr'><strong>Te</strong></span> <span class='ocrx_word' id='word_1_49' title='bbox 418 1335 565 1419; x_wconf 88' lang='lat' dir='ltr'><strong>plerique,</strong></span> <span class='ocrx_word' id='word_1_50' title='bbox 588 1334 615 1397; x_wconf 90' lang='lat' dir='ltr'><strong>F</strong></span> <span class='ocrx_word' id='word_1_51' title='bbox 616 1334 794 1416; x_wconf 89' lang='lat' dir='ltr'><strong>erdinande,</strong></span> <span class='ocrx_word' id='word_1_52' title='bbox 816 1336 986 1417; x_wconf 88' lang='lat' dir='ltr'><strong>sapientem</strong></span> <span class='ocrx_word' id='word_1_53' title='bbox 1008 1353 1200 1420; x_wconf 85' lang='lat' dir='ltr'><strong>memorant,</strong></span> 
     </span>
     <span class='ocr_line' id='line_1_10' title="bbox 342 1421 1134 1507; baseline 0 -20"><span class='ocrx_word' id='word_1_54' title='bbox 342 1437 373 1487; x_wconf 89' lang='lat' dir='ltr'><strong>et</strong></span> <span class='ocrx_word' id='word_1_55' title='bbox 396 1444 510 1507; x_wconf 88' lang='lat' dir='ltr'><strong>magno</strong></span> <span class='ocrx_word' id='word_1_56' title='bbox 533 1421 675 1507; x_wconf 88' lang='lat' dir='ltr'><strong>Venetijs</strong></span> <span class='ocrx_word' id='word_1_57' title='bbox 698 1423 730 1484; x_wconf 93' lang='lat' dir='ltr'><strong>in</strong></span> <span class='ocrx_word' id='word_1_58' title='bbox 755 1424 873 1485; x_wconf 90' lang='lat' dir='ltr'><strong>honore</strong></span> <span class='ocrx_word' id='word_1_59' title='bbox 894 1444 958 1485; x_wconf 86' lang='lat' dir='ltr'><strong>esse</strong></span> <span class='ocrx_word' id='word_1_60' title='bbox 979 1422 1134 1506; x_wconf 89' lang='lat' dir='ltr'><strong>habitum,</strong></span> 
     </span>
     <span class='ocr_line' id='line_1_11' title="bbox 341 1508 1155 1576; baseline 0.006 -5"><span class='ocrx_word' id='word_1_61' title='bbox 341 1531 381 1572; x_wconf 91' lang='lat' dir='ltr'><strong>ne</strong></span> <span class='ocrx_word' id='word_1_62' title='bbox 403 1531 506 1573; x_wconf 89' lang='lat' dir='ltr'><strong>meam</strong></span> <span class='ocrx_word' id='word_1_63' title='bbox 529 1523 646 1572; x_wconf 91' lang='lat' dir='ltr'><strong>temere</strong></span> <span class='ocrx_word' id='word_1_64' title='bbox 667 1508 797 1572; x_wconf 90' lang='lat' dir='ltr'><strong>domum</strong></span> <span class='ocrx_word' id='word_1_65' title='bbox 820 1510 879 1572; x_wconf 91' lang='lat' dir='ltr'><strong>hoc</strong></span> <span class='ocrx_word' id='word_1_66' title='bbox 901 1509 1013 1573; x_wconf 87' lang='lat' dir='ltr'><strong>scelere</strong></span> <span class='ocrx_word' id='word_1_67' title='bbox 1034 1531 1155 1576; x_wconf 87' lang='lat' dir='ltr'><strong>oneres.</strong></span> 
     </span>
     <span class='ocr_line' id='line_1_12' title="bbox 341 1595 1007 1677; baseline 0 -18"><span class='ocrx_word' id='word_1_68' title='bbox 341 1595 390 1659; x_wconf 89' lang='lat' dir='ltr'><strong>Sic</strong></span> <span class='ocrx_word' id='word_1_69' title='bbox 412 1612 456 1660; x_wconf 89' lang='lat' dir='ltr'><strong>est</strong></span> <span class='ocrx_word' id='word_1_70' title='bbox 479 1597 563 1658; x_wconf 90' lang='lat' dir='ltr'><strong>enim</strong></span> <span class='ocrx_word' id='word_1_71' title='bbox 587 1597 677 1659; x_wconf 91' lang='lat' dir='ltr'><strong>hodie</strong></span> <span class='ocrx_word' id='word_1_72' title='bbox 700 1612 810 1659; x_wconf 86' lang='lat' dir='ltr'><strong>natura</strong></span> <span class='ocrx_word' id='word_1_73' title='bbox 832 1598 1007 1677; x_wconf 91' lang='lat' dir='ltr'><strong>hominum,</strong></span> 
     </span>
     <span class='ocr_line' id='line_1_13' title="bbox 341 1682 932 1769; baseline 0.002 -25"><span class='ocrx_word' id='word_1_74' title='bbox 341 1682 418 1745; x_wconf 90' lang='lat' dir='ltr'><strong>nihil</strong></span> <span class='ocrx_word' id='word_1_75' title='bbox 441 1682 607 1746; x_wconf 86' lang='lat' dir='ltr'><strong>maledicto</strong></span> <span class='ocrx_word' id='word_1_76' title='bbox 629 1682 811 1769; x_wconf 89' lang='lat' dir='ltr'><strong>dispergitur</strong></span> <span class='ocrx_word' id='word_1_77' title='bbox 833 1682 932 1746; x_wconf 88' lang='lat' dir='ltr'><strong>latius.</strong></span> 
     </span>
     <span class='ocr_line' id='line_1_14' title="bbox 343 1768 1110 1853; baseline 0.007 -22"><span class='ocrx_word' id='word_1_78' title='bbox 343 1770 431 1852; x_wconf 90' lang='lat' dir='ltr'><strong>proin</strong></span> <span class='ocrx_word' id='word_1_79' title='bbox 454 1768 530 1832; x_wconf 93' lang='lat' dir='ltr'><strong>dum</strong></span> <span class='ocrx_word' id='word_1_80' title='bbox 553 1784 674 1853; x_wconf 89' lang='lat' dir='ltr'><strong>tempus</strong></span> <span class='ocrx_word' id='word_1_81' title='bbox 696 1784 751 1851; x_wconf 90' lang='lat' dir='ltr'><strong>est,</strong></span> <span class='ocrx_word' id='word_1_82' title='bbox 774 1770 849 1853; x_wconf 93' lang='lat' dir='ltr'><strong>quid</strong></span> <span class='ocrx_word' id='word_1_83' title='bbox 871 1770 1004 1853; x_wconf 86' lang='lat' dir='ltr'><strong>loquaris</strong></span> <span class='ocrx_word' id='word_1_84' title='bbox 1026 1794 1110 1836; x_wconf 89' lang='lat' dir='ltr'><strong>cave.</strong></span> 
     </span>
     <span class='ocr_line' id='line_1_15' title="bbox 341 1872 903 1921; baseline -0.002 -1"><span class='ocrx_word' id='word_1_85' title='bbox 341 1878 408 1920; x_wconf 88' lang='lat' dir='ltr'><strong>sero</strong></span> <span class='ocrx_word' id='word_1_86' title='bbox 430 1872 590 1920; x_wconf 88' lang='lat' dir='ltr'><strong>revocatur</strong></span> <span class='ocrx_word' id='word_1_87' title='bbox 612 1879 718 1920; x_wconf 88' lang='lat' dir='ltr'><strong>emrssa</strong></span> <span class='ocrx_word' id='word_1_88' title='bbox 739 1873 903 1921; x_wconf 82' lang='lat' dir='ltr'><strong>accusatio.</strong></span> 
     </span>
     <span class='ocr_line' id='line_1_16' title="bbox 272 1943 1083 2027; baseline -0.004 -16"><span class='ocrx_word' id='word_1_89' title='bbox 272 1994 280 2011; x_wconf 89' lang='lat'><strong>.</strong></span> <span class='ocrx_word' id='word_1_90' title='bbox 343 1944 419 2007; x_wconf 93' lang='lat' dir='ltr'><strong>Non</strong></span> <span class='ocrx_word' id='word_1_91' title='bbox 442 1959 473 2006; x_wconf 91' lang='lat' dir='ltr'><strong>te</strong></span> <span class='ocrx_word' id='word_1_92' title='bbox 495 1965 563 2027; x_wconf 83' lang='lat' dir='ltr'><strong>ege,</strong></span> <span class='ocrx_word' id='word_1_93' title='bbox 585 1943 757 2026; x_wconf 86' lang='lat' dir='ltr'><strong>Alphonse,</strong></span> <span class='ocrx_word' id='word_1_94' title='bbox 780 1959 958 2007; x_wconf 85' lang='lat' dir='ltr'><strong>accusatum</strong></span> <span class='ocrx_word' id='word_1_95' title='bbox 981 1946 1083 2025; x_wconf 89' lang='lat' dir='ltr'><strong>venio,</strong></span> 
     </span>
    </p>

    <p class='ocr_par' dir='ltr' id='par_1_3' title="bbox 342 2030 1320 2290">
     <span class='ocr_line' id='line_1_17' title="bbox 342 2030 1320 2115; baseline 0.007 -22"><span class='ocrx_word' id='word_1_96' title='bbox 342 2053 401 2095; x_wconf 88' lang='lat' dir='ltr'><strong>nec</strong></span> <span class='ocrx_word' id='word_1_97' title='bbox 423 2032 515 2093; x_wconf 90' lang='lat' dir='ltr'><strong>huius</strong></span> <span class='ocrx_word' id='word_1_98' title='bbox 536 2030 657 2094; x_wconf 86' lang='lat' dir='ltr'><strong>sceleris</strong></span> <span class='ocrx_word' id='word_1_99' title='bbox 680 2045 710 2094; x_wconf 93' lang='lat' dir='ltr'><strong>te</strong></span> <span class='ocrx_word' id='word_1_100' title='bbox 733 2030 804 2093; x_wconf 91' lang='lat' dir='ltr'><strong>volo</strong></span> <span class='ocrx_word' id='word_1_101' title='bbox 826 2053 914 2093; x_wconf 92' lang='lat' dir='ltr'><strong>reum</strong></span> <span class='ocrx_word' id='word_1_102' title='bbox 937 2032 1049 2110; x_wconf 83' lang='lat' dir='ltr'><strong>dicere,</strong></span> <span class='ocrx_word' id='word_1_103' title='bbox 1290 2065 1320 2115; x_wconf 73' lang='lat'><strong>²5</strong></span> 
     </span>
     <span class='ocr_line' id='line_1_18' title="bbox 343 2119 1077 2203; baseline 0.001 -21"><span class='ocrx_word' id='word_1_104' title='bbox 343 2119 418 2203; x_wconf 93' lang='lat' dir='ltr'><strong>quin</strong></span> <span class='ocrx_word' id='word_1_105' title='bbox 441 2141 513 2182; x_wconf 91' lang='lat' dir='ltr'><strong>eum</strong></span> <span class='ocrx_word' id='word_1_106' title='bbox 538 2119 569 2181; x_wconf 94' lang='lat' dir='ltr'><strong>in</strong></span> <span class='ocrx_word' id='word_1_107' title='bbox 592 2119 652 2182; x_wconf 90' lang='lat' dir='ltr'><strong>tuis</strong></span> <span class='ocrx_word' id='word_1_108' title='bbox 675 2134 836 2182; x_wconf 87' lang='lat' dir='ltr'><strong>mortuum</strong></span> <span class='ocrx_word' id='word_1_109' title='bbox 859 2119 927 2181; x_wconf 92' lang='lat' dir='ltr'><strong>dico</strong></span> <span class='ocrx_word' id='word_1_110' title='bbox 950 2119 1077 2202; x_wconf 76' lang='lat' dir='ltr'><strong>aedibus,</strong></span> 
     </span>
     <span class='ocr_line' id='line_1_19' title="bbox 343 2205 947 2290; baseline 0.002 -21"><span class='ocrx_word' id='word_1_111' title='bbox 343 2206 521 2289; x_wconf 89' lang='lat' dir='ltr'><strong>elatumque</strong></span> <span class='ocrx_word' id='word_1_112' title='bbox 543 2206 618 2269; x_wconf 86' lang='lat' dir='ltr'><strong>adeo</strong></span> <span class='ocrx_word' id='word_1_113' title='bbox 641 2228 658 2268; x_wconf 92' lang='lat' dir='ltr'><strong>e</strong></span> <span class='ocrx_word' id='word_1_114' title='bbox 680 2206 819 2269; x_wconf 88' lang='lat' dir='ltr'><strong>conclavi</strong></span> <span class='ocrx_word' id='word_1_115' title='bbox 843 2205 947 2290; x_wconf 87' lang='lat' dir='ltr'><strong>Juliae.</strong></span> 
     </span>
    </p>

    <p class='ocr_par' dir='ltr' id='par_1_4' title="bbox 213 2291 1231 2465">
     <span class='ocr_line' id='line_1_20' title="bbox 213 2291 1231 2378; baseline 0.001 -19"><span class='ocrx_word' id='word_1_116' title='bbox 213 2293 302 2378; x_wconf 81' lang='lat' dir='ltr'><em>Alph.</em></span> <span class='ocrx_word' id='word_1_117' title='bbox 345 2292 456 2367; x_wconf 86' lang='lat' dir='ltr'><strong>Quid?</strong></span> <span class='ocrx_word' id='word_1_118' title='bbox 494 2293 566 2355; x_wconf 94' lang='lat' dir='ltr'><strong>hinc</strong></span> <span class='ocrx_word' id='word_1_119' title='bbox 589 2291 705 2355; x_wconf 88' lang='lat' dir='ltr'><strong>elatum</strong></span> <span class='ocrx_word' id='word_1_120' title='bbox 727 2308 888 2356; x_wconf 91' lang='lat' dir='ltr'><strong>mortuum</strong></span> <span class='ocrx_word' id='word_1_121' title='bbox 911 2315 928 2356; x_wconf 92' lang='lat' dir='ltr'><strong>e</strong></span> <span class='ocrx_word' id='word_1_122' title='bbox 950 2293 1087 2357; x_wconf 88' lang='lat' dir='ltr'><strong>conclavi</strong></span> <span class='ocrx_word' id='word_1_123' title='bbox 1109 2293 1231 2378; x_wconf 87' lang='lat' dir='ltr'><strong>Juliae?</strong></span> 
     </span>
     <span class='ocr_line' id='line_1_21' title="bbox 342 2379 1071 2465; baseline 0 -21"><span class='ocrx_word' id='word_1_124' title='bbox 342 2382 409 2465; x_wconf 90' lang='lat' dir='ltr'><strong>quis</strong></span> <span class='ocrx_word' id='word_1_125' title='bbox 430 2394 495 2442; x_wconf 88' lang='lat' dir='ltr'><strong>tarn</strong></span> <span class='ocrx_word' id='word_1_126' title='bbox 517 2379 616 2442; x_wconf 86' lang='lat' dir='ltr'><strong>audax</strong></span> <span class='ocrx_word' id='word_1_127' title='bbox 639 2381 692 2463; x_wconf 92' lang='lat' dir='ltr'><strong>qui</strong></span> <span class='ocrx_word' id='word_1_128' title='bbox 716 2381 794 2442; x_wconf 87' lang='lat' dir='ltr'><strong>istuc</strong></span> <span class='ocrx_word' id='word_1_129' title='bbox 817 2379 917 2443; x_wconf 90' lang='lat' dir='ltr'><strong>dicere</strong></span> <span class='ocrx_word' id='word_1_130' title='bbox 939 2380 1071 2444; x_wconf 84' lang='lat' dir='ltr'><strong>audeat?</strong></span> 
     </span>
    </p>

    <p class='ocr_par' dir='ltr' id='par_1_5' title="bbox 213 2464 895 2553">
     <span class='ocr_line' id='line_1_22' title="bbox 213 2464 895 2553; baseline -0.001 -20"><span class='ocrx_word' id='word_1_131' title='bbox 213 2470 281 2533; x_wconf 81' lang='lat' dir='ltr'><strong>Fer.</strong></span> <span class='ocrx_word' id='word_1_132' title='bbox 344 2467 428 2532; x_wconf 88' lang='lat' dir='ltr'><strong>Ecce</strong></span> <span class='ocrx_word' id='word_1_133' title='bbox 451 2466 597 2530; x_wconf 83' lang='lat' dir='ltr'><strong>Pantaleo</strong></span> <span class='ocrx_word' id='word_1_134' title='bbox 620 2464 674 2553; x_wconf 87' lang='lat' dir='ltr'><strong>filij</strong></span> <span class='ocrx_word' id='word_1_135' title='bbox 698 2489 801 2531; x_wconf 89' lang='lat' dir='ltr'><strong>servus</strong></span> <span class='ocrx_word' id='word_1_136' title='bbox 823 2468 895 2532; x_wconf 88' lang='lat' dir='ltr'><strong>mei.</strong></span> 
     </span>
    </p>

    <p class='ocr_par' dir='ltr' id='par_1_6' title="bbox 213 2552 804 2640">
     <span class='ocr_line' id='line_1_23' title="bbox 213 2552 804 2640; baseline -0.007 -20"><span class='ocrx_word' id='word_1_137' title='bbox 213 2555 301 2640; x_wconf 83' lang='lat' dir='ltr'><em>Alph.</em></span> <span class='ocrx_word' id='word_1_138' title='bbox 340 2555 439 2620; x_wconf 91' lang='lat' dir='ltr'><strong>Tune</strong></span> <span class='ocrx_word' id='word_1_139' title='bbox 463 2555 535 2617; x_wconf 90' lang='lat' dir='ltr'><strong>hinc</strong></span> <span class='ocrx_word' id='word_1_140' title='bbox 557 2554 657 2617; x_wconf 90' lang='lat' dir='ltr'><strong>vidisti</strong></span> <span class='ocrx_word' id='word_1_141' title='bbox 681 2552 804 2617; x_wconf 88' lang='lat' dir='ltr'><strong>efferri?</strong></span> 
     </span>
    </p>

    <p class='ocr_par' dir='ltr' id='par_1_7' title="bbox 211 2641 1197 2725">
     <span class='ocr_line' id='line_1_24' title="bbox 211 2641 1197 2725; baseline 0 -18"><span class='ocrx_word' id='word_1_142' title='bbox 211 2643 323 2707; x_wconf 86' lang='lat' dir='ltr'><strong>Ponto.</strong></span> <span class='ocrx_word' id='word_1_143' title='bbox 343 2641 450 2724; x_wconf 87' lang='lat' dir='ltr'><strong>Certo,</strong></span> <span class='ocrx_word' id='word_1_144' title='bbox 475 2641 643 2723; x_wconf 87' lang='lat' dir='ltr'><strong>Alphonse,</strong></span> <span class='ocrx_word' id='word_1_145' title='bbox 665 2656 696 2704; x_wconf 92' lang='lat' dir='ltr'><strong>et</strong></span> <span class='ocrx_word' id='word_1_146' title='bbox 720 2643 752 2704; x_wconf 90' lang='lat' dir='ltr'><strong>in</strong></span> <span class='ocrx_word' id='word_1_147' title='bbox 775 2641 855 2705; x_wconf 90' lang='lat' dir='ltr'><strong>hanc</strong></span> <span class='ocrx_word' id='word_1_148' title='bbox 877 2643 985 2705; x_wconf 88' lang='lat' dir='ltr'><strong>cistam</strong></span> <span class='ocrx_word' id='word_1_149' title='bbox 1009 2643 1197 2725; x_wconf 85' lang='lat' dir='ltr'><strong>impositum.</strong></span> 
     </span>
    </p>

    <p class='ocr_par' dir='ltr' id='par_1_8' title="bbox 213 2728 710 2814">
     <span class='ocr_line' id='line_1_25' title="bbox 213 2728 710 2814; baseline -0.002 -21"><span class='ocrx_word' id='word_1_150' title='bbox 213 2730 303 2814; x_wconf 81' lang='lat' dir='ltr'><em>Alph.</em></span> <span class='ocrx_word' id='word_1_151' title='bbox 343 2730 428 2793; x_wconf 90' lang='lat' dir='ltr'><strong>Nam</strong></span> <span class='ocrx_word' id='word_1_152' title='bbox 451 2730 519 2811; x_wconf 90' lang='lat' dir='ltr'><strong>quis</strong></span> <span class='ocrx_word' id='word_1_153' title='bbox 541 2728 710 2810; x_wconf 84' lang='lat' dir='ltr'><strong>imposuit?</strong></span> 
     </span>
    </p>

    <p class='ocr_par' dir='ltr' id='par_1_9' title="bbox 213 2815 1163 2902">
     <span class='ocr_line' id='line_1_26' title="bbox 213 2815 1163 2902; baseline 0.002 -22"><span class='ocrx_word' id='word_1_154' title='bbox 213 2815 326 2881; x_wconf 86' lang='lat' dir='ltr'><strong>Ponto.</strong></span> <span class='ocrx_word' id='word_1_155' title='bbox 729 2815 810 2900; x_wconf 84' lang='lat' dir='ltr'><strong>Ego,</strong></span> <span class='ocrx_word' id='word_1_156' title='bbox 833 2816 994 2897; x_wconf 87' lang='lat' dir='ltr'><strong>Amerina,</strong></span> <span class='ocrx_word' id='word_1_157' title='bbox 1016 2831 1049 2880; x_wconf 90' lang='lat' dir='ltr'><strong>et</strong></span> <span class='ocrx_word' id='word_1_158' title='bbox 1070 2815 1163 2902; x_wconf 85' lang='lat' dir='ltr'><strong>Julia.</strong></span> 
     </span>
    </p>

    <p class='ocr_par' dir='ltr' id='par_1_10' title="bbox 212 2900 644 2987">
     <span class='ocr_line' id='line_1_27' title="bbox 212 2900 644 2987; baseline -0.007 -19"><span class='ocrx_word' id='word_1_159' title='bbox 212 2902 301 2987; x_wconf 84' lang='lat' dir='ltr'><em>Alph.</em></span> <span class='ocrx_word' id='word_1_160' title='bbox 341 2900 384 2966; x_wconf 84' lang='lat' dir='ltr'><strong>Et</strong></span> <span class='ocrx_word' id='word_1_161' title='bbox 407 2901 458 2964; x_wconf 94' lang='lat' dir='ltr'><strong>vbi</strong></span> <span class='ocrx_word' id='word_1_162' title='bbox 481 2900 644 2965; x_wconf 91' lang='lat' dir='ltr'><strong>mortuus?</strong></span> 
     </span>
    </p>

    <p class='ocr_par' dir='ltr' id='par_1_11' title="bbox 214 2987 984 3073">
     <span class='ocr_line' id='line_1_28' title="bbox 214 2987 984 3073; baseline 0.001 -20"><span class='ocrx_word' id='word_1_163' title='bbox 214 2989 327 3054; x_wconf 80' lang='lat' dir='ltr'><strong>Panto.</strong></span> <span class='ocrx_word' id='word_1_164' title='bbox 660 2987 698 3051; x_wconf 97' lang='lat' dir='ltr'><strong>In</strong></span> <span class='ocrx_word' id='word_1_165' title='bbox 722 2989 860 3052; x_wconf 87' lang='lat' dir='ltr'><strong>conclavi</strong></span> <span class='ocrx_word' id='word_1_166' title='bbox 882 2989 984 3073; x_wconf 90' lang='lat' dir='ltr'><strong>Juliae.</strong></span> 
     </span>
    </p>

    <p class='ocr_par' dir='ltr' id='par_1_12' title="bbox 212 3076 1320 3510">
     <span class='ocr_line' id='line_1_29' title="bbox 212 3076 1320 3162; baseline 0.001 -22"><span class='ocrx_word' id='word_1_167' title='bbox 212 3076 301 3160; x_wconf 84' lang='lat' dir='ltr'><em>Alph.</em></span> <span class='ocrx_word' id='word_1_168' title='bbox 343 3076 470 3141; x_wconf 90' lang='lat' dir='ltr'><strong>Summe</strong></span> <span class='ocrx_word' id='word_1_169' title='bbox 494 3098 551 3162; x_wconf 84' lang='lat' dir='ltr'><strong>ego</strong></span> <span class='ocrx_word' id='word_1_170' title='bbox 573 3077 675 3157; x_wconf 89' lang='lat' dir='ltr'><strong>miser,</strong></span> <span class='ocrx_word' id='word_1_171' title='bbox 698 3078 721 3139; x_wconf 90' lang='lat' dir='ltr'><strong>si</strong></span> <span class='ocrx_word' id='word_1_172' title='bbox 745 3079 803 3141; x_wconf 90' lang='lat' dir='ltr'><strong>iste</strong></span> <span class='ocrx_word' id='word_1_173' title='bbox 825 3100 895 3140; x_wconf 91' lang='lat' dir='ltr'><strong>vera</strong></span> <span class='ocrx_word' id='word_1_174' title='bbox 918 3079 1075 3160; x_wconf 75' lang='lat' dir='ltr'><strong>praedicat,</strong></span> <span class='ocrx_word' id='word_1_175' title='bbox 1288 3110 1320 3162; x_wconf 76' lang='lat'><strong>35</strong></span> 
     </span>
     <span class='ocr_line' id='line_1_30' title="bbox 343 3160 1130 3248; baseline 0.005 -23"><span class='ocrx_word' id='word_1_176' title='bbox 343 3165 395 3246; x_wconf 94' lang='lat' dir='ltr'><strong>qui</strong></span> <span class='ocrx_word' id='word_1_177' title='bbox 419 3160 513 3225; x_wconf 86' lang='lat' dir='ltr'><strong>filiam</strong></span> <span class='ocrx_word' id='word_1_178' title='bbox 538 3163 667 3233; x_wconf 84' lang='lat' dir='ltr'><strong>habeam</strong></span> <span class='ocrx_word' id='word_1_179' title='bbox 690 3164 788 3226; x_wconf 91' lang='lat' dir='ltr'><strong>isthoc</strong></span> <span class='ocrx_word' id='word_1_180' title='bbox 811 3166 937 3248; x_wconf 88' lang='lat' dir='ltr'><strong>ingenio</strong></span> <span class='ocrx_word' id='word_1_181' title='bbox 960 3165 1130 3247; x_wconf 87' lang='lat' dir='ltr'><strong>praeditam.</strong></span> 
     </span>
     <span class='ocr_line' id='line_1_31' title="bbox 344 3249 1035 3335; baseline 0.003 -22"><span class='ocrx_word' id='word_1_182' title='bbox 344 3251 432 3313; x_wconf 90' lang='lat' dir='ltr'><strong>Heus</strong></span> <span class='ocrx_word' id='word_1_183' title='bbox 454 3250 558 3312; x_wconf 94' lang='lat' dir='ltr'><strong>iubeto</strong></span> <span class='ocrx_word' id='word_1_184' title='bbox 581 3251 643 3312; x_wconf 88' lang='lat' dir='ltr'><strong>huc</strong></span> <span class='ocrx_word' id='word_1_185' title='bbox 666 3249 745 3313; x_wconf 83' lang='lat' dir='ltr'><strong>foras</strong></span> <span class='ocrx_word' id='word_1_186' title='bbox 767 3253 885 3314; x_wconf 88' lang='lat' dir='ltr'><strong>evocari</strong></span> <span class='ocrx_word' id='word_1_187' title='bbox 908 3251 1035 3335; x_wconf 88' lang='lat' dir='ltr'><strong>Juliam,</strong></span> 
     </span>
     <span class='ocr_line' id='line_1_32' title="bbox 343 3335 1319 3430; baseline 0.007 -30"><span class='ocrx_word' id='word_1_188' title='bbox 343 3335 427 3400; x_wconf 89' lang='lat' dir='ltr'><strong>illam</strong></span> <span class='ocrx_word' id='word_1_189' title='bbox 450 3337 513 3400; x_wconf 91' lang='lat' dir='ltr'><strong>scio</strong></span> <span class='ocrx_word' id='word_1_190' title='bbox 535 3337 682 3420; x_wconf 88' lang='lat' dir='ltr'><strong>quicquid</strong></span> <span class='ocrx_word' id='word_1_191' title='bbox 704 3353 748 3400; x_wconf 90' lang='lat' dir='ltr'><strong>est</strong></span> <span class='ocrx_word' id='word_1_192' title='bbox 772 3338 918 3400; x_wconf 73' lang='lat' dir='ltr'><strong>fossuram</strong></span> <span class='ocrx_word' id='word_1_193' title='bbox 941 3341 1028 3404; x_wconf 90' lang='lat' dir='ltr'><strong>mihi.</strong></span> <span class='ocrx_word' id='word_1_194' title='bbox 1084 3340 1202 3425; x_wconf 76' lang='lat' dir='ltr'><strong>[Intrat</strong></span> <span class='ocrx_word' id='word_1_195' title='bbox 1215 3338 1319 3430; x_wconf 87' lang='lat' dir='ltr'><strong>Julia.</strong></span> 
     </span>
     <span class='ocr_line' id='line_1_33' title="bbox 341 3423 1260 3510; baseline 0.009 -24"><span class='ocrx_word' id='word_1_196' title='bbox 341 3423 435 3508; x_wconf 78' lang='lat' dir='ltr'><strong>julia,</strong></span> <span class='ocrx_word' id='word_1_197' title='bbox 457 3439 502 3486; x_wconf 91' lang='lat' dir='ltr'><strong>est</strong></span> <span class='ocrx_word' id='word_1_198' title='bbox 524 3423 607 3506; x_wconf 92' lang='lat' dir='ltr'><strong>quod</strong></span> <span class='ocrx_word' id='word_1_199' title='bbox 630 3439 661 3486; x_wconf 91' lang='lat' dir='ltr'><strong>te</strong></span> <span class='ocrx_word' id='word_1_200' title='bbox 683 3445 799 3507; x_wconf 86' lang='lat' dir='ltr'><strong>rogem.</strong></span> <span class='ocrx_word' id='word_1_201' title='bbox 841 3424 952 3487; x_wconf 90' lang='lat' dir='ltr'><strong>falsum</strong></span> <span class='ocrx_word' id='word_1_202' title='bbox 976 3427 1155 3510; x_wconf 83' lang='lat' dir='ltr'><strong>respondeas</strong></span> <span class='ocrx_word' id='word_1_203' title='bbox 1176 3450 1260 3495; x_wconf 87' lang='lat' dir='ltr'><strong>cave.</strong></span> 
     </span>
    </p>

    <p class='ocr_par' dir='ltr' id='par_1_13' title="bbox 274 3509 1320 3596">
     <span class='ocr_line' id='line_1_34' title="bbox 274 3509 1320 3596; baseline 0.005 -22"><span class='ocrx_word' id='word_1_204' title='bbox 274 3561 282 3579; x_wconf 88' lang='lat'><strong>.</strong></span> <span class='ocrx_word' id='word_1_205' title='bbox 341 3512 417 3575; x_wconf 92' lang='lat' dir='ltr'><strong>Non</strong></span> <span class='ocrx_word' id='word_1_206' title='bbox 440 3511 483 3574; x_wconf 92' lang='lat' dir='ltr'><strong>sic</strong></span> <span class='ocrx_word' id='word_1_207' title='bbox 505 3509 614 3574; x_wconf 85' lang='lat' dir='ltr'><strong>edocta</strong></span> <span class='ocrx_word' id='word_1_208' title='bbox 635 3532 714 3593; x_wconf 90' lang='lat' dir='ltr'><strong>sum,</strong></span> <span class='ocrx_word' id='word_1_209' title='bbox 738 3510 847 3574; x_wconf 85' lang='lat' dir='ltr'><strong>falsum</strong></span> <span class='ocrx_word' id='word_1_210' title='bbox 871 3525 904 3574; x_wconf 89' lang='lat' dir='ltr'><strong>vt</strong></span> <span class='ocrx_word' id='word_1_211' title='bbox 927 3513 1127 3596; x_wconf 87' lang='lat' dir='ltr'><strong>respondeam</strong></span> <span class='ocrx_word' id='word_1_212' title='bbox 1149 3516 1216 3579; x_wconf 90' lang='lat' dir='ltr'><strong>tibi.</strong></span> <span class='ocrx_word' id='word_1_213' title='bbox 1287 3549 1320 3596; x_wconf 84' lang='lat'><strong>40</strong></span> 
     </span>
    </p>
   </div>
   <div class='ocr_carea' id='block_1_3' title="bbox 0 0 1545 4275">
    <p class='ocr_par' dir='ltr' id='par_1_14' title="bbox 0 0 1545 4275">
     <span class='ocr_line' id='line_1_35' title="bbox 0 0 1545 4275; baseline 0 0"><span class='ocrx_word' id='word_1_214' title='bbox 0 0 1545 4275; x_wconf 95' lang='lat' dir='ltr'><strong> </strong></span> 
     </span>
    </p>
   </div>
  </div>
 </body>
</html>
