3059 4275
198 534 282 598 Aer.
300 551 331 615 2,
347 532 397 597 Sc.
417 532 462 617 ι’]
579 519 929 598 HYMENAEUS

199 716 272 781 Ero.
334 716 424 780 Facis
445 730 562 779 ecastor
584 730 617 777 vt
640 714 727 777 soles.

200 806 288 869 Cam.
745 801 818 881 iam,
840 801 863 863 si
886 799 1049 882 videbitur,
1073 801 1105 863 in
1129 801 1233 865 forum

331 910 537 973 properemus,
561 904 594 950 vt
617 904 763 970 parentur
785 888 897 970 quibus
919 910 995 971 opus
1017 904 1071 952 est.

201 978 274 1042 Ero.
1091 975 1224 1040 Censeo.

498 1211 667 1284 ACTUS
695 1233 729 1283 2.
786 1212 951 1285 SCENA
983 1223 1026 1283 1².

657 1361 763 1425 Sannio
785 1363 863 1425 solus.

338 1481 394 1568 Dij
419 1480 607 1545 immortales
630 1481 662 1543 in
685 1502 746 1563 qua
769 1495 861 1543 aetate
882 1476 1036 1543 vivimus!

337 1584 453 1653 quanta
474 1584 519 1631 est
541 1590 614 1631 curn
638 1568 744 1650 coquis
766 1567 885 1629 rixandi
909 1564 1069 1630 molestia!

338 1656 525 1739 disperdunt,
549 1655 693 1738 perdunt,
717 1653 910 1737 profundunt
932 1654 1088 1736 pecunias,

339 1744 381 1806 ita
402 1759 562 1825 sumptum
583 1742 640 1804 sibi
663 1741 761 1804 modis
782 1756 942 1804 accersunt
965 1742 1118 1804 omnibus.

339 1829 505 1914 Magrinus
527 1851 577 1891 rne
601 1830 684 1891 intus
705 1842 737 1891 vt
760 1827 881 1891 volebat
905 1826 1028 1891 fallere!

340 1918 427 1980 cuius
450 1938 524 1979 curn
547 1917 639 1979 herus
661 1915 800 1977 resciscet
823 1916 977 1996 astutiam,

339 2026 411 2066 eum
433 2003 545 2086 quibus
567 2003 678 2086 dignus
699 2018 743 2065 est
767 2001 866 2065 modis
887 2002 1026 2084 accipiet.

339 2089 430 2155 Turn
453 2111 526 2154 vero
548 2112 598 2152 me
621 2089 714 2153 modo
736 2089 779 2152 sic
801 2087 872 2153 lusit
894 2087 1003 2172 lepide.

339 2179 412 2261 quia
434 2179 510 2240 rnihi
534 2178 689 2260 profusam
712 2176 838 2239 barbam
861 2193 971 2239 natura
993 2176 1155 2260 benignior
1177 2177 1272 2258 dedit,

339 2265 497 2329 barbatam
520 2287 571 2326 me
593 2285 716 2346 capram
739 2263 833 2326 videri
857 2264 934 2326 dixit
955 2264 1022 2327 sibi.
1286 2294 1317 2329 10

340 2352 398 2416 Sed
420 2368 451 2414 et
473 2349 556 2414 aliud
578 2368 633 2433 est,
655 2350 738 2433 quod
761 2373 813 2412 rne
835 2350 928 2413 habet
951 2348 1041 2431 male,

340 2437 424 2523 Julia
446 2455 559 2519 nostra,
581 2453 616 2500 vt
638 2459 750 2520 procax
773 2452 818 2499 est
840 2451 871 2500 et
893 2436 1052 2516 maledica,

340 2526 450 2608 quibus
473 2547 525 2588 me
547 2524 641 2588 modo
663 2523 782 2606 accepit
803 2524 1010 2609 contumelijs,

340 2612 423 2695 quod
446 2610 673 2695 Pantomagum
696 2633 909 2694 praeponerem
931 2608 1095 2693 Erophilo!

342 2697 400 2762 Sed
422 2722 492 2762 mea
515 2700 576 2762 iam
598 2721 687 2784 agam
711 2699 844 2782 negotia
1287 2730 1315 2778 15

342 2786 413 2849 hem
436 2785 616 2869 quidhoc?
646 2808 710 2849 non
734 2785 833 2868 placet
855 2807 1058 2868 expensarum
1083 2785 1171 2867 ratio,

341 2873 512 2956 pistoribus,
535 2873 635 2958 lanijs,
658 2873 776 2956 coquis,
800 2873 1008 2955 piscatoribus,

342 2962 450 3044 ingens
472 2960 648 3023 concredita
669 2981 792 3023 summa
814 2960 962 3042 pecuniae.

341 3063 373 3110 at
395 3046 485 3110 retuli
508 3048 617 3130 opinor
639 3048 671 3109 in
694 3047 834 3109 codicem
857 3047 972 3127 omnia,

341 3134 504 3197 conveniet
526 3156 674 3196 numerus
695 3150 850 3217 quantum
873 3135 985 3217 cuique
1007 3133 1153 3199 dederim.
1285 3167 1317 3202 ιο

342 3221 400 3286 Sed
422 3235 507 3284 estne
529 3222 580 3284 hic
604 3220 812 3304 Pantomagus
834 3221 981 3302 medicus,

342 3309 395 3391 qui
418 3308 455 3371 ad
479 3330 535 3371 nos
558 3309 647 3371 hodie
670 3310 800 3371 conviva
822 3306 930 3370 venit?
1047 3308 1165 3391 [Intrat
1180 3308 1316 3373 Pantom.

343 3395 367 3458 is
388 3410 443 3476 est,
468 3395 518 3458 ibo
541 3395 622 3458 intro
645 3411 679 3460 vt
702 3411 850 3459 curentur
872 3395 987 3458 omnia.

281 3616 315 3659 M·
330 3615 353 3659 S.
