3059 4275
581 535 931 614 HYMENAEUS
1053 544 1152 627 [Aer.
1173 565 1202 628 1,
1219 546 1268 612 sc.
1289 552 1320 609 1·

338 731 521 819 Syllogismo
542 753 580 793 ex
602 730 699 794 tribus
721 743 881 793 constante
903 731 1048 813 partibus,

338 840 402 882 non
424 833 530 881 amant
552 815 696 880 mulieres
719 816 913 880 excursiones
936 815 1128 883 Rhetoricas.
1284 853 1317 903 30

269 953 276 971 .
337 906 406 993 Ego
429 905 604 967 rhetoricari
628 926 692 966 non
715 903 818 984 didici,
841 903 893 966 sed
915 904 939 967 si
963 927 1088 970 mecum

210 3079 278 3144 Fre.

340 992 383 1056 illi
407 992 632 1055 homunciones
654 991 880 1071 contenderint,

338 1081 430 1143 verba
451 1079 474 1142 si
499 1079 607 1160 desint,
631 1078 710 1140 dabo
732 1092 837 1140 tamen
860 1078 995 1159 verbera,

339 1166 388 1231 vel
410 1188 461 1230 eos
484 1166 585 1249 potius
607 1164 717 1229 callido
740 1163 897 1248 aggrediar
919 1167 1057 1230 consilio.

339 1252 481 1317 Primum
505 1251 586 1316 solus
608 1268 751 1336 vtrosque
775 1253 817 1315 ita
840 1251 966 1315 reddam
988 1254 1097 1334 ebrios,
1285 1285 1315 1336 35

340 1358 373 1405 vt
397 1355 551 1424 nequeant
574 1339 665 1422 pedes
685 1361 778 1403 suum
800 1338 941 1402 officium
964 1340 1073 1423 facere,

340 1444 409 1491 tum
432 1427 579 1510 collapsos
600 1427 688 1490 humi
711 1425 845 1488 onerabo
866 1426 1051 1509 verberibus,

339 1515 458 1578 docebo
479 1514 555 1598 quid
577 1514 616 1576 sit
638 1512 835 1577 homunculis
857 1535 931 1576 cum
953 1514 1019 1578 viro
1041 1516 1240 1581 contendere.

341 1601 398 1668 Sed
422 1601 472 1663 ille
495 1600 634 1682 inprimis
655 1598 793 1683 garrulus
814 1600 962 1682 medicus,

339 1688 436 1751 simiae
460 1685 634 1750 simillimus
655 1685 850 1769 nequissimae
875 1687 991 1769 bestiae,
1284 1724 1318 1771 40

340 1776 394 1859 qui
417 1772 497 1837 collo
519 1773 679 1836 simiarum
702 1771 795 1855 pelles
817 1774 1040 1858 circumplicat,

339 1862 393 1945 qui
416 1883 467 1923 me
491 1860 573 1924 intus
594 1860 702 1922 habuit
724 1862 930 1944 contemptui,
984 1862 1194 1948 [Pantomagus
1209 1866 1316 1931 intrat.

340 1970 398 2032 ego
420 1945 553 2010 illum-

534 2034 636 2116 Tace,
659 2036 741 2117 here,
765 2035 827 2118 ipse
850 2038 1013 2121 egreditur.

340 2121 413 2206 Jam
435 2135 542 2186 tecum
564 2121 681 2207 loquar,
704 2140 737 2187 vt
761 2122 811 2187 ille
833 2146 898 2189 non
922 2125 1083 2211 intelligat,

340 2225 371 2274 et
393 2225 499 2273 tamen
523 2208 610 2274 illum
635 2209 740 2274 ludam
764 2213 908 2277 maxime.

341 2297 417 2360 istoc
439 2311 484 2361 est
506 2319 619 2381 sapere.

643 2387 683 2450 ah
705 2408 801 2470 quam
824 2385 954 2451 callide!

340 2471 532 2556 anuamne
552 2473 679 2536 obsecro
700 2473 883 2558 degenerem
907 2473 1022 2536 vidistis
1043 2470 1174 2551 asinum,

341 2560 411 2643 equi
435 2560 572 2643 generosi
595 2559 684 2623 dorso
707 2557 916 2623 insidentem?

343 2646 380 2711 Id
403 2668 443 2708 ne
465 2647 592 2727 mireris,
614 2645 696 2709 here.
743 2667 815 2709 nam
838 2644 947 2729 passim
970 2642 1006 2708 fit
1028 2642 1128 2707 hodie.

339 2732 409 2818 Ego
423 2754 507 2812 vero,
522 2731 640 2813 stolide,
655 2731 739 2815 quod
754 2733 866 2815 passim
881 2730 927 2813 fit,
943 2753 1007 2793 non
1023 2753 1145 2814 possum
1162 2734 1233 2816 pati.
1284 2765 1319 2815 50

342 2820 395 2882 Ah
418 2820 554 2899 obsecro,
577 2818 660 2900 here,
683 2841 723 2882 ne
744 2819 818 2883 saevi
841 2834 1011 2900 tantopere,

341 2921 375 2969 tu
398 2921 489 2968 tuum
513 2905 672 2991 ingenium
695 2928 768 2969 curn
791 2906 856 2969 eius
877 2905 1053 2987 stupiditate
1076 2907 1237 2973 conferas?

341 3008 409 3056 tum
433 2990 484 3076 pol
507 2991 712 3075 ineptissimus
733 3015 776 3056 es.
822 2994 874 3057 sed
897 3015 1005 3056 eccum
1030 2994 1078 3057 vbi
1102 2996 1249 3060 ambulat.

340 3078 397 3144 Ess
418 3078 463 3143 sol
486 3079 545 3142 ken
568 3079 680 3143 stound
703 3080 748 3143 far
771 3081 841 3144 eber
863 3103 922 3165 gan

341 3189 414 3230 man
438 3166 498 3229 hab
521 3166 581 3229 dan
604 3181 699 3230 etwas
721 3168 803 3250 guits
825 3185 926 3252 getan.
1285 3200 1317 3251 55

210 3253 317 3320 Panto.
341 3253 428 3328 Quid
450 3255 504 3334 ait,
528 3251 685 3319 Gothriol

211 3341 278 3407 Got.

341 3340 496 3426 Loquitur
519 3338 652 3424 Gallice,
675 3342 917 3425 philosophatur,
941 3344 1091 3429 intelligo.

209 3429 317 3494 Panto.
341 3427 535 3503 Quomodo?

209 3517 277 3581 Fre.

549 3516 645 3598 audis,
668 3515 854 3580 Leonardel
