3059 4275
586 542 936 622 HYMENAEUS
1054 544 1293 640 [Acr.4,sc‚5⁸
1344 579 1346 642 l

334 738 482 821 quiddam
506 738 566 803 tale
588 739 718 804 scribere
740 740 939 804 Avicennam
960 741 1178 806 commemini.

334 846 421 888 nunc
443 824 481 888 ad
504 825 704 910 Alphonsum
728 849 776 908 eo,
798 842 832 891 vt
854 828 920 891 eius
941 826 1031 891 saluti
1056 827 1227 892 consulam.

492 1000 663 1072 Acuus
693 1022 725 1096 5.
780 1000 946 1073 scENA
977 1013 1021 1074 12.

474 1142 685 1206 Ferdinana'us.
730 1141 881 1207 Pantaleo.
926 1142 1043 1207 Sannio.

265 1302 272 1319 .
336 1255 398 1319 Nae
422 1277 480 1342 ego
503 1256 597 1319 homo
620 1272 710 1319 natus
732 1278 801 1319 sum
824 1256 862 1319 ad
886 1256 1050 1336 miseriam,
1086 1329 1096 1343 ο

334 1343 387 1426 qui
410 1345 537 1406 vnicum
559 1357 625 1405 tam
647 1343 749 1406 subito
772 1358 881 1405 natum
905 1341 1101 1425 perdiderim.

335 1429 369 1495 Ο
395 1430 499 1513 iniqua
522 1429 594 1510 fata,
617 1429 693 1511 vale,
717 1430 759 1491 mi
784 1428 940 1512 Erophile.

335 1515 392 1580 Sed
417 1518 513 1579 feram
537 1532 641 1579 tamen
664 1532 698 1579 vt
720 1516 890 1599 sapientem
913 1514 1012 1595 decet,

333 1625 393 1667 nee
417 1603 505 1666 illum
528 1617 683 1684 revocant,
708 1625 765 1665 nec
788 1625 840 1666 me
862 1603 999 1666 solantur
1022 1601 1206 1690 lachrymae.

334 1687 451 1753 Filium
474 1712 571 1753 vnum
594 1690 687 1753 habui
711 1688 907 1773 Erophilum,

336 1799 409 1841 eum
431 1799 489 1861 ego
511 1778 573 1840 lruc
596 1777 663 1840 misi
687 1776 860 1856 Patavium,

334 1866 471 1928 animam
493 1879 526 1927 vt
549 1863 673 1946 coleret,
697 1886 761 1927 non
784 1885 893 1946 corpus
915 1864 958 1927 vti
981 1863 1133 1948 perderet,

335 1972 430 2035 quem
453 1973 510 2037 ego
532 1951 688 2033 sperabam
711 1951 819 2015 solatio
842 1952 982 2015 futurum
1006 1952 1092 2015 mihi.

337 2036 370 2103 O
395 2039 498 2102 inania
519 2039 653 2122 cogitata
675 2054 706 2101 et
728 2059 796 2120 spes
819 2039 983 2102 hominum
1006 2038 1137 2123 fragiles,

335 2149 406 2210 quae
430 2147 504 2189 cum
527 2125 668 2211 navigare
690 2125 835 2189 videntur
858 2126 888 2188 in
912 2141 1013 2208 portu,

335 2214 507 2276 infortunio
531 2213 695 2294 improviso
718 2213 892 2276 obruuntur
914 2214 946 2276 in
970 2212 1087 2297 pelago.

337 2297 394 2363 Sed
418 2299 557 2383 nunquid
580 2300 654 2362 certi
678 2315 722 2362 est
744 2315 778 2362 vt
801 2298 852 2362 ille
874 2301 1005 2383 perierit,

336 2387 403 2470 plus
425 2407 519 2470 quam
542 2402 577 2449 tu
599 2387 676 2448 mihi
699 2387 838 2469 narrasti,
860 2386 1029 2452 Pantaleol

205 2473 318 2542 Panta.
338 2472 475 2554 Prorsus,
499 2475 581 2555 here,
603 2473 692 2555 nihil,
715 2495 823 2536 verum
845 2475 963 2538 fatebor
985 2475 1052 2556 tibi,

337 2563 394 2624 hac
418 2561 467 2623 ille
490 2576 582 2624 nocte
604 2560 685 2623 clam
708 2561 789 2624 aedes
811 2561 990 2647 ingreditur,

336 2649 464 2732 (amavit
487 2649 572 2711 enim
595 2663 628 2710 vt
650 2648 761 2711 audisti
783 2648 915 2732 Juliam)

336 2736 411 2798 hinc
433 2734 524 2817 paulo
547 2750 615 2816 post
637 2733 734 2798 elatus
755 2751 800 2799 est
823 2752 973 2814 mortuus,

336 2837 368 2884 et
391 2823 423 2883 in
446 2822 554 2884 cistam
578 2823 658 2885 hanc
681 2823 842 2904 impositus
863 2844 957 2907 quam
979 2822 1072 2902 vides,

336 2907 388 2971 sed
411 2930 513 2991 neque
536 2908 586 2971 illa
608 2910 750 2992 (omnem
773 2910 855 2994 quod
878 2924 998 2992 superat
1020 2907 1128 2992 fidem)

337 3017 399 3079 quo
421 3017 493 3058 casu
516 2997 664 3059 interierit
686 2999 832 3080 cognovit
857 2997 951 3082 Julia,

336 3082 388 3145 sed
411 3081 454 3144 illi
477 3082 582 3146 multis
606 3083 762 3166 deplorato
785 3084 939 3147 lachrimis

337 3184 369 3232 et
391 3191 568 3251 supremum
593 3171 670 3232 dixit
692 3187 724 3234 et
747 3187 901 3234 aeternum
924 3171 999 3235 vale.

267 3304 275 3322 .
338 3253 394 3342 Dij
419 3256 619 3336 immortales,
643 3259 719 3321 istoc
740 3259 816 3341 quid
838 3281 901 3321 esse
924 3256 1054 3341 putem?

338 3344 429 3429 perijt
451 3344 528 3405 mihi
552 3341 642 3425 iilius,
666 3367 723 3408 nec
746 3368 809 3428 quo
832 3347 927 3410 modo
948 3348 1025 3409 scire
1047 3369 1137 3429 queo.

339 3430 414 3493 Huc
436 3452 493 3514 ego
518 3430 592 3493 istoc
614 3433 729 3514 suscepi
754 3433 811 3494 iter
834 3433 935 3514 hodie,

337 3533 371 3580 vt
393 3518 457 3580 eius
479 3518 586 3580 mortis
608 3540 729 3582 causam
753 3519 943 3603 modumque
964 3522 1069 3585 sciam.
