3059 4275
589 483 938 562 HYMENAEUS
1056 494 1153 579 [Acr.
1174 513 1203 576 1,
1223 493 1272 559 Sc.
1290 496 1318 553 ι·

342 677 420 739 mori
444 697 494 739 me
518 676 636 739 malim.
684 676 815 759 Sequere
838 697 899 757 me,
923 673 1068 741 Gothrio.

273 809 280 827 .
344 762 433 845 Vale,
456 761 482 825 F
485 763 627 827 rederice.

644 849 731 923 Quid
753 872 839 913 nunc
862 849 926 913 ais?

341 951 376 999 vt
397 958 454 1000 nos
476 938 560 1000 hunc
584 938 656 1000 hinc
679 934 858 1021 abegimusi

341 1024 415 1107 quid
438 1024 539 1087 dixisti
563 1046 637 1087 cum
660 1040 836 1088 commotus
857 1040 903 1087 est
925 1022 1107 1107 tantopere?

269 1157 276 1174 .
340 1111 468 1176 Servum
490 1112 555 1175 eius
578 1112 640 1174 dixi
664 1112 788 1174 mentiri
812 1127 844 1174 vt
867 1111 1034 1174 medicum.
1286 1127 1316 1190 ⁸⁵

273 1245 280 1261 .
344 1197 487 1262 Profecto
509 1197 646 1280 pulchre,
668 1200 744 1282 quin
768 1199 811 1262 sic
833 1219 951 1281 semper
974 1199 1090 1279 factitat,

342 1300 377 1348 tu
400 1285 466 1349 illos
489 1286 590 1365 irride,
614 1308 671 1370 ego
694 1307 749 1368 pro
771 1301 901 1369 vtroque
922 1286 1076 1369 pugnabo.

341 1395 427 1436 nunc
451 1373 524 1437 hinc
548 1389 631 1437 recta
653 1373 798 1437 abeamus
819 1372 857 1435 ad
880 1372 994 1436 forum.

268 1507 275 1523 .
339 1459 397 1523 Sed
420 1459 585 1543 Erophilus
607 1460 646 1522 ab
670 1459 802 1522 Alfonso
824 1460 896 1525 exit.
1068 1460 1191 1544 [Intrat
1205 1458 1315 1545 Eroph.

342 1546 403 1611 Eat
425 1568 488 1630 quo
511 1546 605 1627 lubet,
629 1561 664 1609 tu
686 1568 811 1629 sequere
834 1568 895 1611 me.

907 1656 1027 1717 sequor.
1286 1666 1319 1720 90

495 1857 665 1931 ACTUS
698 1882 727 1931 1.
782 1859 947 1932 SCENA
974 1870 1021 1932 2².

526 2011 688 2095 Erophilus.
734 2012 835 2101 Julia.
881 2013 997 2079 Sannio.

272 2200 280 2217 .
341 2152 472 2237 Sequere
494 2154 552 2217 hac
575 2176 636 2237 me,
656 2154 749 2239 Julia,
772 2178 812 2220 ne
834 2170 865 2219 te
887 2171 973 2238 pater
994 2157 1160 2239 conspiciat
1182 2171 1262 2222 tuus.

273 2287 280 2304 .
340 2240 416 2303 Non
439 2241 583 2324 equidem
605 2242 703 2306 audeo
726 2243 847 2328 longius
869 2244 907 2306 ab
930 2243 1048 2307 aedibus
1070 2244 1240 2324 abscedere,

342 2328 384 2391 ita
399 2349 450 2392 me
465 2345 568 2392 noster
582 2331 668 2413 quasi
684 2333 769 2394 canis
784 2332 942 2394 venaticus
956 2347 1162 2414 perscrutatur
1177 2331 1302 2396 Sannio.

274 2462 282 2480 .
342 2415 389 2478 At
410 2416 472 2480 huc
495 2415 656 2499 paululum
679 2419 815 2482 concede
837 2442 855 2481 a
877 2418 1002 2499 foribus,

341 2524 381 2566 ne
402 2503 471 2587 quis
492 2504 573 2568 clam
596 2521 737 2568 nostrum
758 2527 933 2568 sermonem
955 2504 1095 2586 excipiat.
1302 2535 1317 2585 5

273 2636 280 2652 .
341 2589 491 2655 Eundum
515 2591 614 2654 video.
659 2613 722 2675 quo
744 2607 833 2654 vocat
855 2612 951 2671 amor,
973 2611 1093 2673 sequor.

274 2723 281 2740 .
342 2676 430 2750 Quid
452 2679 581 2765 agimus,
602 2676 709 2762 Julia?
738 2700 896 2761 quovsque
918 2679 1067 2740 trahimus
1089 2677 1213 2740 moras?

341 2785 396 2827 cur
418 2785 482 2827 non
506 2765 616 2827 nostris
637 2765 719 2827 viam
741 2765 932 2848 exquirimus
954 2761 1117 2842 amoribus,

339 2850 391 2913 sed
414 2850 497 2914 lenta
519 2850 589 2912 tabe
611 2851 731 2933 vtrique
755 2851 889 2934 perimus
911 2846 1035 2913 miseri?

339 2936 439 2999 virum
462 2937 517 2999 tibi
542 2951 626 3019 pater
647 2935 804 3018 stolidum,
827 2938 879 3000 sed
902 2937 1027 3000 divitem
1286 2973 1316 3008 ,ο

340 3021 567 3107 Pantomagum
590 3039 685 3106 parat,
709 3026 759 3087 cui
783 3041 814 3088 te
836 3040 965 3107 nuptam
989 3024 1079 3089 locet.

211 3107 283 3198 Jul.
344 3111 390 3173 At
414 3111 488 3173 mihi
513 3109 560 3173 vel
582 3110 672 3174 tellus
693 3112 756 3175 ima
779 3112 913 3175 dehiscat
937 3113 1027 3194 prius,

339 3218 432 3280 quam
457 3198 511 3260 tibi
536 3197 649 3279 datam,
673 3197 831 3281 Erophile,
854 3199 959 3263 fallam
982 3199 1086 3264 fidem.

208 3283 279 3348 Ero.
338 3283 423 3371 Ergo
446 3299 575 3348 secretas
596 3306 683 3348 aures
706 3287 907 3349 accommoda
930 3288 1017 3351 mihi.

208 3368 282 3523 gul.
338 3371 487 3435 Iniuriam
504 3372 580 3434 mihi
598 3372 681 3454 facis,
697 3372 854 3456 Erophile,
864 3375 889 3436 si
905 3396 1008 3439 meam
1025 3378 1136 3441 metuis
1150 3376 1254 3441 fidem.
1281 3407 1310 3457 15

239 3480 279 3523 ro.
339 3459 404 3539 Ah,
426 3457 520 3542 Julia,
544 3480 661 3524 enecas.
706 3482 770 3524 non
794 3476 829 3524 tu
851 3462 909 3526 scis
931 3464 1086 3547 equidem,
