3059 4275
585 546 935 624 HYMENAEUS
1053 554 1152 638 [Aci.
1170 555 1264 638 2‚Sc
1280 559 1309 635 5⁸

334 744 385 806 cui
409 743 562 825 praebibit‚
584 758 616 805 et
638 742 737 805 altum
758 743 888 824 suspirat
910 740 1014 806 illico:

337 830 419 913 quod
441 828 522 894 solus
543 829 775 911 deprehendens
797 830 933 911 primum
956 827 1105 911 Scaevola,

335 933 365 980 et
387 934 501 980 nutans
522 916 591 997 illis,
612 918 665 1000 qui
688 916 860 979 assidebant
882 917 1030 998 proxime,

334 1002 435 1086 palam
458 1004 554 1067 ridere
576 1003 680 1086 coepit.
726 1001 936 1086 Pantomagus
957 1004 1144 1085 erubescere,
1281 1033 1312 1082 30

335 1107 366 1154 et
389 1090 520 1175 rogitare
542 1112 598 1152 cur
620 1089 649 1152 id
674 1090 797 1153 faceret.

336 1178 507 1260 Respondit
528 1178 582 1240 sibi
607 1178 638 1239 in
662 1192 801 1240 mentem
823 1178 927 1239 venire
950 1175 1096 1257 Scaevola,

335 1281 368 1329 vt
390 1265 440 1328 ille
463 1266 606 1327 morbum
630 1263 705 1326 mihi
729 1277 878 1326 narrasset
901 1286 1017 1326 meum.

337 1354 399 1416 Hic
423 1351 631 1434 Pantomagus
652 1352 853 1433 triumphare,
875 1366 906 1413 et
929 1349 1065 1414 fabulam
1087 1351 1239 1433 occipere,

335 1456 367 1503 et
389 1462 454 1502 rem
477 1460 606 1501 omnem
628 1459 759 1518 narrare,
782 1437 825 1499 illi
850 1439 911 1500 risu
933 1460 1026 1520 prope
1048 1440 1157 1501 emori.
1282 1464 1312 1516 35

336 1541 403 1610 post
426 1526 455 1588 id
479 1526 578 1588 factus
599 1541 644 1589 est
666 1525 769 1587 cicada
792 1524 959 1607 loquacior,

335 1613 418 1697 quod
442 1612 499 1676 illis
522 1627 642 1695 putaret
664 1611 809 1694 placuisse
831 1611 976 1675 fabulam.

335 1701 427 1764 Tum
449 1715 554 1763 autem
577 1722 683 1761 meum
707 1700 815 1761 herum
838 1715 986 1781 appotum
1011 1714 1085 1782 puto
1107 1700 1212 1782 probe,

334 1789 377 1850 ita
398 1788 541 1870 frequens
563 1786 669 1868 plenos
689 1786 829 1849 absorbet
852 1787 989 1871 cyathos,

336 1875 390 1958 qui
413 1889 509 1956 potat,
531 1873 615 1957 quasi
640 1873 842 1957 pugnandum
865 1888 942 1936 esset
964 1896 1019 1956 pro
1041 1873 1109 1956 Ilio,
1282 1905 1315 1953 40

338 1984 431 2024 nemo
454 1961 539 2023 enim
562 1960 614 2022 illo
637 1959 746 2022 melior
769 1959 895 2023 bellator
917 1962 1073 2024 cantharo.

338 2049 423 2111 Nam
447 2070 496 2110 me
519 2069 643 2131 quoque
666 2047 715 2109 vel
738 2048 789 2110 hic
812 2063 921 2109 natum
944 2046 1054 2129 Italiae,

337 2135 420 2220 quod
443 2158 517 2198 cum
540 2158 577 2199 eo
598 2133 777 2217 aliquandiu
799 2149 933 2198 versatus
955 2135 1077 2216 fuerim,

338 2224 376 2287 ad
399 2244 499 2286 mores
522 2223 584 2285 fere
607 2221 722 2305 redegit
745 2220 950 2285 Teutonicos.
1010 2222 1148 2306 [Intrant
1157 2223 1314 2306 personati.

338 2309 395 2375 Sed
418 2311 471 2394 qui
494 2324 578 2390 sunt,
600 2331 678 2392 quos
700 2310 732 2371 in
754 2309 864 2371 vltima
886 2309 986 2392 platea
1008 2309 1122 2373 video?
1282 2339 1314 2390 45

336 2413 449 2462 suntne
473 2397 515 2459 illi
540 2419 617 2480 quos
641 2396 723 2459 intus
745 2396 931 2478 expectant?

337 2486 395 2550 Ibo
417 2487 499 2548 intro
520 2501 554 2546 vt
577 2483 645 2546 illos
667 2483 856 2546 adventitare
878 2484 1032 2546 nuntiem.
1120 2550 1122 2553 ,

282 2620 289 2637 .
340 2573 395 2659 Hij
418 2587 490 2635 sunt
512 2593 589 2655 quos
611 2568 760 2633 affuturos
784 2570 935 2634 Camillus
957 2571 1033 2633 mihi
1056 2570 1185 2653 dixerat,

337 2660 390 2743 qui
412 2659 436 2722 si
459 2680 566 2722 verum
589 2673 751 2738 memorat,
776 2659 891 2739 primus
913 2672 958 2722 est
980 2656 1154 2741 Erophilus.

339 2745 482 2826 introibo,
504 2759 538 2806 vt
561 2745 631 2806 haec
652 2743 746 2827 Juliae
770 2746 924 2810 nuntiem.
1285 2775 1318 2826 50

496 2914 666 2988 ACTUS
692 2938 725 3009 3.
780 2917 946 2989 SCENA
977 2927 1020 2990 1⁸.

587 3057 717 3122 Gothrio.
763 3058 940 3122 leonardus.

270 3221 277 3238 .
340 3173 513 3254 Nunquam
537 3170 649 3253 aedipol
671 3171 793 3234 coenavi
816 3172 946 3252 vberius,

340 3280 500 3342 nunquam
524 3274 641 3320 ecastor
662 3258 763 3339 potavi
787 3257 909 3341 largius,

339 3367 501 3428 nunquam
524 3343 701 3407 mehercule
722 3359 866 3427 acceptus
887 3366 956 3408 sum
980 3345 1116 3426 hilarius,

340 3454 492 3516 nusquam
515 3431 653 3514 profecto
675 3432 847 3494 victitarem
870 3429 1024 3495 libentius.

339 3518 455 3588 Servuli
479 3520 562 3583 intus
583 3519 695 3601 miseri,
716 3539 905 3601 quocunque
927 3541 979 3583 me
1001 3519 1124 3601 recipio,
