3059 4275
500 810 669 883 ACTUS
701 834 731 882 1.
785 810 951 883 SCENA
982 820 1025 881 1⁸.

248 994 401 1058 Pantaleo.
447 993 622 1056 Fredericus.
670 992 846 1058 Leonardus.
891 993 1095 1075 Pantomagus.
1142 991 1272 1056 Gothrio.

203 1132 319 1196 Panta.
336 1131 391 1218 Dij
416 1131 615 1213 immortales,
638 1132 718 1195 viros
739 1147 773 1195 vt
795 1128 994 1195 ludificantur
1017 1131 1168 1195 faeminae.

337 1218 420 1282 Tres
442 1220 524 1282 intus
546 1220 669 1282 vnicam
692 1218 835 1282 ambiunt
856 1219 1018 1306 virginem,

258 1341 261 1348 ·
340 1304 548 1392 Pantomagus
569 1305 645 1368 falso
667 1305 767 1369 dictus
789 1306 937 1387 medicus,

338 1393 365 1456 F
366 1392 517 1456 redericus
539 1393 737 1456 Teutonicus
759 1408 880 1475 potator
901 1393 1051 1476 egregius

340 1480 429 1543 herus
451 1479 625 1561 Erophilus,
648 1480 735 1542 cuius
759 1480 809 1542 hic
833 1478 936 1542 laudes
959 1495 1056 1543 taceo.

340 1564 547 1650 Pantomagus
567 1565 661 1651 Juliae
685 1564 789 1648 pulsus
811 1581 911 1629 tentat
932 1566 1052 1649 pollice,

339 1668 371 1716 et
393 1654 430 1716 de
452 1654 585 1736 corporis
606 1652 782 1716 valetudine
803 1652 931 1737 gloriose
954 1653 1096 1736 disputat.

340 1740 519 1804 Fredericus
542 1762 615 1803 cum
638 1739 690 1802 illa
712 1761 798 1802 more
819 1740 883 1823 agit
907 1741 1013 1822 patrio,

340 1844 371 1890 et
394 1829 425 1890 in
448 1828 513 1890 eius
535 1825 622 1912 labijs
644 1826 815 1910 plerunque
836 1827 963 1890 habitat.

340 1913 451 1978 Cordis
472 1936 575 1977 arcem
597 1914 652 1977 sibi
676 1916 768 1977 herus
788 1913 880 2000 elegit
902 1936 998 1978 meus.

340 1999 531 2087 Pantomago
555 2001 692 2083 inprimis
714 2000 865 2064 Alfonsus
887 2000 940 2063 dat
962 2022 1097 2083 operam,

340 2088 398 2152 scit
420 2110 492 2152 eum
516 2088 594 2152 bene
616 2103 818 2152 nummatum
840 2110 902 2152 esse
923 2087 1050 2171 scilicet,

341 2174 540 2238 Fredericum
563 2197 627 2238 non
650 2190 736 2240 curat
759 2175 938 2257 admodum,

341 2264 451 2326 herum
472 2284 545 2325 vero
567 2262 752 2345 Erophilum
775 2262 840 2325 odit
863 2264 1001 2345 pessime,

340 2372 435 2432 quem
457 2349 683 2412 adolescentem
705 2349 780 2412 dicit
804 2348 984 2412 dissolutum
1008 2350 1110 2413 nimis.
1286 2378 1314 2428 15

342 2436 397 2521 Hij
421 2458 529 2500 omnes
551 2437 634 2499 intus
656 2437 717 2499 iam
739 2451 821 2518 sunt,
844 2451 877 2498 vt
900 2453 1066 2519 procentur
1086 2434 1216 2520 Juliam,

341 2539 433 2607 atque
454 2544 565 2587 eccum
588 2523 767 2587 Fredericus
788 2524 951 2607 egreditur.
1096 2523 1215 2606 [Intrat
1229 2523 1316 2586 Fred.

342 2608 411 2697 Ego
432 2611 471 2674 ad
494 2609 665 2675 Camillum
688 2611 738 2673 ibo
760 2610 850 2674 huius
872 2609 965 2695 Lucij
990 2608 1100 2691 filium,

342 2718 436 2780 quem
459 2699 550 2761 herus
571 2712 763 2760 conventum
786 2697 871 2779 cupit
894 2719 990 2760 meus.

272 2834 279 2850 .
343 2783 431 2870 Quid
439 2786 493 2866 ais,
503 2782 682 2847 Leonarde?
697 2806 736 2848 an
748 2785 804 2847 tibi
816 2785 909 2866 probe
920 2784 1025 2847 videor
1035 2798 1177 2847 tractasse
1187 2782 1316 2867 Juliam,

341 2886 372 2934 et
395 2894 447 2934 me
469 2873 552 2934 intus
573 2872 644 2934 satis
665 2871 787 2954 gessisse
809 2870 978 2934 amatorie?
1132 2919 1139 2933 .
1285 2901 1314 2936 αι

342 2956 494 3022 Sedebant
516 2959 599 3022 intus
620 2958 756 3020 fabulam
779 2979 904 3021 narrans
927 2957 1102 3041 Erophilus,

342 3061 373 3110 et
395 3067 524 3108 manum
548 3067 644 3108 manu
666 3060 775 3108 tenens
796 3067 835 3108 ex
857 3043 952 3108 altera
973 3062 1058 3127 parte
1080 3044 1228 3127 medicus,

343 3154 400 3217 ego
423 3131 500 3195 nihil
523 3132 602 3213 dico,
624 3131 676 3195 sed
699 3154 773 3216 rogo
794 3132 952 3215 quomodo
973 3131 1064 3213 valet,

343 3235 375 3282 et
397 3218 481 3282 illam
503 3235 586 3282 arcte
607 3217 798 3301 amplexatus
819 3217 949 3281 osculor.
1071 3278 1074 3284 ,
1284 3245 1316 3298 ²5

267 3355 276 3373 .
342 3307 418 3370 Non
440 3307 575 3388 potuisti,
598 3305 680 3386 here,
703 3305 790 3388 plura
812 3306 915 3388 paucis
937 3305 1087 3388 proloqui.

343 3393 477 3477 disputet
499 3392 647 3474 medicus,
669 3393 823 3456 fabuletur
844 3391 1019 3474 Erophilus,

342 3495 380 3545 tu
402 3478 486 3543 illam
507 3479 671 3566 aggredere
692 3481 815 3563 punctis
836 3494 1090 3565 argumentorum
1114 3477 1264 3560 brevibus,
