3059 4275
208 505 259 613 56
589 505 938 584 HYMENAEUS
1058 517 1161 602 [Acr.
1178 536 1209 602 5,
1224 516 1304 582 Sor·

338 698 390 763 dili
413 714 499 763 enter
522 700 658 784 exquire,
680 699 755 783 quid
778 700 907 763 fateatur
929 700 1022 765 vides.

207 785 320 851 Panto.
337 722 429 868 Ptol,
450 808 573 850 summe
594 786 726 870 Jupiter,
748 808 834 850 serva
855 810 907 850 me
928 788 1067 853 obsecro.

338 874 414 957 quid
429 895 486 958 ego
502 895 586 954 nam,
603 875 686 955 here,
702 874 832 937 monstri
848 873 959 937 video?
1016 874 1142 959 [Intrat
1158 876 1310 961 Erophilur.

209 960 277 1025 Fer.
340 959 429 1034 Quid
451 959 614 1041 exclamas,
636 959 768 1024 stolide?
796 961 871 1045 quid
892 976 999 1025 autem
1022 963 1164 1028 metuis?
1288 991 1312 1043 ⁷⁵

210 1046 323 1112 Panto.
339 1046 490 1130 Erophili,
514 1048 596 1128 here,
620 1047 738 1112 malum
761 1048 889 1132 genium
911 1048 1011 1113 video.

340 1135 422 1217 here,
445 1157 519 1198 cave
542 1136 608 1216 tibi,
631 1136 837 1199 incantatores
859 1134 982 1217 plurimi

340 1222 391 1285 hic
412 1237 486 1286 sunt
508 1219 636 1308 Patavij.
1112 1291 1119 1302 ⁸

210 1308 278 1372 Fer.
639 1308 724 1372 Bene
747 1309 885 1391 profecto
907 1331 1025 1373 mones.

210 1393 302 1479 Alph.
341 1395 396 1458 An
420 1394 508 1459 illum
531 1394 671 1479 Erophili
695 1395 813 1459 malum
836 1396 963 1481 genium
987 1395 1133 1461 creditis?

341 1483 479 1546 insanitis
501 1482 603 1564 credo,
625 1483 702 1566 quin
725 1504 800 1546 cum
822 1482 882 1546 alio
904 1505 975 1546 ecce
998 1482 1148 1567 loquitur,
1291 1503 1320 1554 so

211 1655 270 1719 r..
339 1567 1048 1721 llil.iixbillitrffllbluili}¹
1068 1572 1157 1637 a...

210 1741 299 1826 Alph.
342 1741 385 1808 Et
407 1765 465 1830 ego
486 1704 586 1807 salius
608 1759 639 1806 et
661 1743 742 1807 salva
764 1745 839 1806 item
861 1679 956 1826 Julila)‚
1030 1706 1038 1722 ι

343 1852 437 1913 quam
459 1852 547 1913 spero
569 1831 656 1893 omni
680 1830 741 1893 iam
764 1830 901 1913 periculo
923 1830 1061 1896 liberam.

342 1916 462 1982 Eorum
484 1939 661 1982 sermonem
683 1917 870 2000 excipiamus
893 1917 1052 2001 paulisper.
1291 1938 1321 2001 85

506 2099 673 2174 ncrus
701 2120 734 2196 ς.
786 2099 952 2174 senna
978 2112 1026 2195 32.

213 2243 376 2309 Duumvir.
425 2243 636 2308 Ferdinandus.
686 2242 854 2327 Alpbonsus.
907 2243 1059 2308 Pantaleo.
1111 2245 1322 2331 Pantomagus.

427 2329 528 2418 Julia.
573 2329 727 2395 Amerina.
772 2330 938 2416 Erophilus.
984 2332 1116 2397 Gothrio.

215 2446 298 2510 Duu.
343 2446 476 2530 Nequeo
499 2445 590 2508 hodie
611 2438 718 2509 abste
740 2466 850 2508 verum
873 2443 1045 2527 exculpere,

346 2549 380 2597 vt
403 2533 480 2596 mihi
504 2532 586 2609 dicas
606 2532 682 2615 quid
705 2532 736 2594 in
760 2532 819 2617 hijs
840 2532 947 2595 feceris
968 2531 1107 2596 aedibus?

343 2622 396 2704 qui
420 2620 477 2683 nisi
501 2619 577 2682 mihi
602 2641 667 2682 rem
689 2641 818 2682 omnem
842 2619 975 2702 nunties,

343 2707 455 2771 frustra
476 2730 494 2770 a
517 2729 567 2769 me
590 2722 732 2788 expectas
753 2704 913 2770 auxilium.

345 2816 418 2856 nam
441 2809 476 2856 tu
497 2794 535 2856 ab
559 2792 617 2856 illis
639 2793 731 2856 caedis
753 2815 822 2857 reus
844 2793 987 2880 argueris,
1306 2824 1321 2874 5

342 2895 396 2945 aut
419 2879 538 2961 saltem,
561 2895 715 2963 quantum
738 2881 949 2944 coniecturam
973 2881 1062 2962 facio,

343 2983 378 3030 tu
402 2967 487 3030 istius
509 2967 581 3030 furti
605 2966 715 3030 videris
738 2968 813 3030 item
836 2967 986 3031 conscius.

213 3054 281 3119 Fer.
342 3053 513 3128 Quodnam
536 3052 587 3116 ille
610 3054 728 3117 furtum
751 3069 854 3117 narrat
876 3053 1024 3118 obsecro?

342 3140 395 3204 sed
416 3156 501 3203 estne
525 3140 575 3202 hic
598 3140 775 3223 Erophilus,
798 3139 955 3222 Pantaleo,
979 3164 1076 3223 meus,
1111 3156 1116 3194 :

343 3248 437 3312 quem
460 3226 579 3290 dudum
603 3242 633 3290 te
655 3227 763 3291 vidisse
786 3228 887 3291 dixisti
912 3227 1097 3292 mortuum?
1293 3260 1324 3296 ro

213 3314 326 3380 Panto.
343 3314 419 3378 Non
442 3314 585 3397 equidem
607 3315 746 3378 arbitror.
792 3329 827 3377 tu
851 3314 938 3378 illurn
961 3316 1049 3379 adeas
1070 3338 1154 3380 cave.

343 3401 419 3486 quin
443 3399 544 3465 multo
567 3400 659 3484 pallet
682 3401 789 3485 magis,
811 3401 834 3463 si
858 3423 931 3464 eum
954 3401 1092 3467 advertas
1113 3405 1217 3486 probe.

343 3504 412 3551 tum
436 3487 478 3550 illi
500 3487 580 3570 vide,
603 3503 637 3551 vt
660 3489 824 3552 hebescant
847 3487 940 3569 oculi,
