3059 4275
589 533 939 614 HYMENAEus
1055 539 1305 631 [angam

498 713 668 787 nctus
696 735 729 807 3.
784 712 1024 786 senune.

481 856 645 940 Erophilus.
690 855 843 920 Pantaleo.
888 854 1042 920 Amerina.

208 977 279 1043 Ero.
338 975 455 1062 Ecquis
478 980 529 1043 hic
550 979 620 1043 esti
650 978 793 1063 nunquid
816 977 973 1060 explorata
994 976 1123 1041 omnia?

210 1064 323 1131 Panto.
344 1066 438 1147 Here,
461 1065 644 1130 infaeliciter.
690 1086 764 1129 nam
787 1066 811 1127 si
834 1063 926 1147 paulo
948 1064 1079 1128 venisses
1102 1064 1197 1147 prius,

342 1153 526 1217 Amerinam
549 1152 706 1235 reperisses
728 1153 779 1215 hic
800 1166 873 1215 ante
896 1151 985 1233 fores,

341 1240 393 1303 sed
415 1254 520 1303 tamen
542 1240 583 1326 dij
608 1254 640 1302 te
661 1254 815 1302 servatum
837 1238 957 1302 volunt.

212 1325 283 1391 Ero.
344 1325 432 1401 Quid
456 1329 507 1409 ita,
531 1325 701 1391 Pantaleoi

212 1413 325 1479 Panto.
703 1412 883 1495 Alphonsus
905 1427 1046 1498 aegrotat,
1301 1439 1315 1490 5

343 1499 458 1565 Sannio
487 1501 616 1585 quiescit
645 1502 787 1577 suaviter,
817 1501 968 1563 Amerina
998 1514 1099 1564 custos
1132 1499 1240 1565 relicta
1273 1513 1316 1563 est

342 1604 374 1652 et
397 1604 428 1653 te
452 1590 531 1652 hanc
555 1589 639 1652 iubet
662 1588 826 1651 fenestram
849 1585 967 1669 pultare
990 1586 1117 1670 placide.
1178 1587 1317 1673 [foribus

213 1673 284 1739 Ero.
345 1674 464 1739 Nescio
485 1676 554 1760 quis
578 1675 693 1739 invadit
716 1674 857 1738 animum
881 1689 1006 1757 repente
1028 1687 1141 1737 metus.

344 1763 464 1827 discede
486 1764 590 1844 timor,
612 1762 777 1847 degeneres
799 1761 919 1824 animos
940 1761 1051 1847 arguis.

343 1850 394 1914 sed
417 1849 491 1934 quid
514 1847 642 1913 autem?
685 1848 778 1933 Juliae
801 1870 865 1911 non
888 1848 943 1911 tibi
967 1850 1066 1913 times.
1288 1876 1320 1913 ro

345 1960 436 2023 perge
458 1938 576 2000 timere.
622 1937 723 2020 arguit
744 1957 883 1998 amorem
907 1951 1016 2000 metus.

342 2025 427 2088 Nam
451 2025 482 2087 in
505 2045 556 2087 me
579 2023 742 2087 inimicum
764 2023 944 2107 quicunque
967 2022 1039 2086 facit
1062 2023 1228 2106 impetum,

344 2112 486 2176 cominus
508 2125 561 2175 aut
584 2111 705 2175 eminus
726 2110 756 2174 vi
780 2110 879 2174 victus
900 2109 998 2174 cadet.

345 2221 418 2283 ergo
439 2198 513 2282 quid
536 2197 698 2262 metuam?
727 2197 820 2260 fortes
844 2198 969 2261 fortuna
990 2198 1122 2264 adiuvat.

345 2285 524 2349 Fenestram
548 2287 628 2348 hanc
650 2307 744 2370 quarn
769 2285 865 2365 iussit,
889 2286 996 2348 feriam
1019 2284 1135 2367 leviter,
1289 2315 1319 2366 ยน5

346 2395 409 2454 vos,
431 2373 472 2459 dij
496 2372 635 2455 deaeque,
658 2372 722 2436 sitis
744 2371 859 2436 auxilio
880 2372 969 2436 mihi.

346 2460 403 2526 Sed
426 2482 521 2544 quem
543 2460 684 2524 divinum
705 2459 807 2539 audio,
830 2456 987 2540 Pantaleo,
1010 2458 1146 2524 sonum?

320 2586 323 2591 ,
345 2547 414 2631 Ipsa
436 2562 492 2628 est,
514 2548 580 2613 deae
604 2569 712 2611 vocem
735 2568 868 2631 agnosco
890 2568 982 2628 meae,

345 2635 508 2698 mortalem
532 2635 693 2697 faeminam
715 2656 776 2696 vox
799 2635 855 2697 ista
877 2656 940 2696 non
963 2649 1061 2698 sonat.

345 2722 417 2806 Jam
441 2743 565 2808 pergam
588 2721 671 2804 quod
694 2722 838 2804 praecepit
860 2722 981 2805 exequi.

346 2808 397 2872 sed
420 2830 529 2872 eccum
552 2808 636 2892 Julia
658 2823 713 2890 est,
735 2830 829 2871 omen
853 2807 962 2891 placet.

214 2895 327 2962 Panto.
343 2895 474 2976 Eccum,
498 2895 580 2976 here,
604 2896 754 2958 Amerina
777 2896 856 2959 fores
876 2897 981 2978 aperit.

214 2983 296 3049 Ame.
340 2982 390 3047 Ite
412 2982 494 3046 intro
516 2998 615 3064 caute,
639 3005 679 3046 ne
701 2983 770 3066 quis
791 2983 934 3046 exaudiat
955 2999 1071 3049 cavete.

507 3144 676 3218 Acrus
702 3173 737 3236 4.
793 3145 958 3219 scENA
989 3171 1019 3219 1.

516 3283 618 3374 Julia.
663 3286 816 3351 Pantaleo.
862 3288 1016 3354 Amerina.

214 3407 285 3500 Jul.
341 3407 370 3473 si
394 3430 541 3493 vnquam,
564 3408 633 3495 Dij,
656 3410 836 3474 mortalium
858 3410 969 3474 auditis
993 3434 1107 3494 preces,

344 3511 376 3561 et
399 3496 489 3560 mites
511 3517 598 3561 aures
620 3497 678 3583 pijs
699 3499 840 3579 praebetis
862 3497 997 3580 vocibus,
