3059 4275
597 518 946 597 HYMENAEUS
1062 528 1161 613 [Aer.
1179 528 1311 614 3‚sr.2·

342 712 445 774 asinus
466 727 500 775 vt
522 733 592 775 sum
615 734 718 775 rursus
740 711 812 795 equi
834 711 959 775 dorsum
983 733 1133 794 premam.

269 845 276 860 .
340 795 450 862 Gratia
471 800 600 882 gratiam
624 800 711 881 parit,
734 799 818 882 quod
840 815 927 882 grato
949 797 985 862 fit
1007 822 1072 862 non
1096 802 1185 883 perit.
1284 829 1314 877 40

343 885 404 947 iam
427 907 509 966 vero,
533 882 680 968 Gothrio,
702 887 775 970 quia
797 907 848 947 me
870 886 952 968 prior
974 909 1130 970 provocas,

342 974 467 1035 obsecro
489 994 614 1035 mecum
637 989 669 1035 vt
693 972 796 1035 redeas
820 974 851 1034 in
874 973 1014 1057 gratiam.

272 1106 279 1121 .
340 1059 421 1143 Age,
444 1057 616 1141 Leonarde,
638 1060 711 1143 quia
732 1081 784 1122 me
807 1060 888 1141 prior
910 1082 1007 1144 rogas,

340 1169 528 1230 aequumque
549 1146 626 1209 adeo
648 1145 791 1229 postulas,
814 1146 891 1209 cedo
912 1161 1055 1211 actutum
1077 1168 1219 1213 manum.

269 1280 276 1295 .
341 1234 426 1296 Hem
449 1232 602 1296 manum?
636 1256 700 1297 non
725 1232 825 1316 placet
847 1234 997 1315 conditi0,
1285 1260 1314 1312 45

342 1321 418 1384 cedo
441 1322 516 1383 mibi
541 1318 645 1383 fidem.

670 1406 789 1470 nullam
811 1407 919 1470 babeo.

342 1495 467 1558 tandem
489 1496 572 1578 quod
595 1495 696 1558 virum
719 1516 789 1557 vere
811 1495 1047 1578 magnanimum
1071 1495 1172 1575 decet,

341 1604 435 1665 quam
451 1582 553 1645 vlcisci
570 1604 634 1645 non
650 1603 773 1664 possum
789 1582 881 1644 mitto
897 1581 1050 1645 iniuriam.
1102 1582 1222 1665 [Intrat
1233 1583 1316 1647 Fred.

341 1668 398 1732 Sed
421 1670 489 1752 quis
512 1669 563 1732 hic
586 1670 706 1752 estqui
729 1669 767 1730 ab
790 1667 954 1751 Alphonso
977 1669 1154 1753 egreditur?

269 1804 276 1819 .
339 1756 374 1821 Id
399 1771 466 1820 tute
488 1755 607 1818 videris.
653 1778 710 1842 ego
734 1755 795 1817 iam
817 1756 888 1818 satis
910 1756 1003 1838 sapio.
1289 1785 1318 1836 50

501 1928 670 2001 Actus
699 1951 732 2022 3.
788 1929 954 2001 scuNA
981 1942 1028 2003 22.

452 2071 630 2134 Fredericus.
676 2070 851 2134 Leonardus.
899 2072 1031 2137 Gothrio.

272 2236 280 2252 .
343 2187 488 2250 Wanner
509 2184 552 2248 sal
573 2186 624 2249 ick
647 2185 769 2248 habben
792 2187 858 2248 min
881 2186 967 2270 ghelt
990 2209 1049 2250 van

342 2275 408 2338 min
429 2274 506 2338 liuer
529 2271 621 2336 hart?

633 2376 669 2424 tu
692 2359 781 2422 illum
803 2360 886 2422 adito
908 2360 999 2443 solus,
1022 2383 1062 2425 ne
1084 2384 1135 2425 me
1158 2363 1269 2428 videat.

272 2498 280 2514 .
340 2450 386 2513 Vt
409 2465 514 2512 tecum
537 2464 582 2511 est
605 2470 701 2526 nunc,
725 2447 792 2509 min
815 2446 908 2510 liever
930 2448 1020 2512 hart?

270 2585 277 2600 .
340 2537 462 2600 Vocato
484 2536 620 2616 obsecro,
644 2533 793 2613 Gothrio,
817 2534 986 2597 tibicinem.

271 2672 279 2688 .
339 2623 482 2704 Potesne,
506 2622 677 2703 Frederice,
700 2620 807 2685 saltare
829 2621 867 2684 ad
890 2621 1031 2706 tybiam?

271 2759 278 2775 .
342 2710 496 2789 Maxime,
519 2709 663 2772 maxime.

340 2799 438 2877 Heus,
461 2796 586 2876 tibicen,
610 2796 658 2858 exi
681 2817 786 2880 ocyus.

342 2898 468 2966 potesne
490 2883 594 2945 inflare
617 2882 1028 2947 heautontimoreumenon?

268 2969 855 3054 .Qmmwffl

271 3106 278 3121 .
338 3055 449 3120 Itane?
480 3057 529 3120 ich
552 3057 596 3119 sal
619 3072 650 3120 te
673 3058 804 3119 hebben.

341 3144 403 3207 iarn
427 3144 502 3205 mihi
525 3158 617 3226 caput
640 3159 671 3207 et
693 3144 775 3206 oculi
798 3142 914 3226 dolent,

342 3233 416 3294 heus
437 3252 500 3312 quo
524 3231 584 3293 ruit
607 3229 764 3293 mundus?

340 3317 393 3380 hui
417 3333 578 3400 torquetur
601 3316 632 3378 in
655 3316 817 3380 circulum.
863 3318 936 3381 hem
957 3319 1032 3402 quid
1055 3319 1166 3384 video?

267 3453 274 3469 .
338 3405 425 3478 Quid
448 3405 530 3467 vides
551 3402 699 3467 obsecro?

271 3541 278 3558 .
339 3492 396 3558 Oh
418 3491 490 3555 deos
512 3491 642 3575 deasque
665 3505 806 3572 potantes
829 3492 861 3555 in
885 3493 1039 3558 convivio.
