3059 4275
211 560 294 628 Aer.
312 580 344 648 3,
358 562 407 628 Sc.
426 564 471 647 1⁸]
588 551 938 630 HYMENAEUS

340 759 508 808 occurrunt
529 743 605 824 laeti,
627 742 771 822 salutant,
794 743 961 805 adventum
984 741 1186 827 gratulantur.

342 831 443 913 Alius,
466 835 487 869 “
495 830 621 912 salveto,
643 830 820 894 suavissime
844 827 1011 894 Gothrio.'’

342 917 442 1000 Alius,
465 920 528 981 “vt
551 933 656 981 tecum
679 932 735 997 est,
758 931 862 980 noster
885 913 1075 980 Gothrio?”

341 1005 442 1087 Alius,
464 1007 533 1068 “en
557 1005 611 1067 tibi
635 1004 784 1088 cyathum
806 1004 881 1083 vini,
904 1001 1072 1068 Gothrio.”

340 1091 431 1155 Turn
452 1092 607 1156 saltatores
630 1092 713 1154 intus
733 1113 811 1174 quos
833 1090 974 1172 praebent
997 1086 1100 1153 iocos!

341 1178 417 1243 alius
437 1181 481 1243 sic
503 1180 595 1262 pedes
617 1178 839 1260 circumplicat,

340 1265 416 1329 alius
436 1268 480 1330 sic
502 1288 564 1329 sese
587 1266 619 1327 in
642 1286 753 1350 gyrum
776 1279 910 1347 torquet,

342 1368 410 1417 turn
432 1367 501 1437 post
522 1352 656 1436 singulas
678 1353 834 1415 confectas
857 1353 982 1414 choreas

343 1440 423 1503 clam
445 1462 551 1504 secum
576 1441 607 1501 in
630 1461 702 1501 aure
725 1453 883 1501 susurrant
904 1438 1030 1521 aliquid.

343 1526 400 1591 Sed
423 1526 474 1590 ille
497 1527 646 1609 inprimis,
669 1526 722 1608 qui
746 1527 862 1607 primus
885 1526 1012 1604 incedit,

344 1614 490 1697 loquendi
514 1634 588 1677 cum
611 1611 696 1696 Julia
718 1634 881 1695 nunquam
903 1611 1000 1675 finem
1023 1612 1106 1676 facit.

268 1748 276 1764 .
342 1700 470 1766 Servum
493 1700 674 1783 Pantomagi
699 1697 910 1764 Gothrionem
933 1699 1031 1780 video,

343 1788 530 1851 nebulonem
553 1788 637 1850 hunc
660 1786 888 1870 aliquantulum
911 1787 995 1849 lubet
1018 1786 1133 1866 ludere,

341 1876 427 1959 quasi
450 1876 522 1937 boni
545 1874 619 1958 quid
642 1874 779 1936 evenerit
801 1873 908 1957 loquar
930 1872 1104 1958 magnifice.

343 1960 398 2048 Dij
423 1961 621 2040 immortales,
643 1962 693 2023 cui
717 1961 838 2022 homini
861 1983 922 2022 vno
944 1960 993 2023 die

343 2048 464 2112 dedistis
488 2048 555 2131 plus
576 2049 629 2131 qui
654 2049 801 2111 meruerit
824 2046 950 2110 minus?

341 2153 418 2221 quot
440 2159 491 2200 me
513 2134 631 2220 laetitljs
653 2134 708 2198 iste
730 2135 868 2198 oneravit
889 2130 974 2198 dies!

342 2224 441 2305 laude,
463 2223 559 2304 lucro,
582 2222 666 2303 ludo,
689 2223 783 2308 ferijs,

342 2333 466 2395 pompa,
488 2311 705 2393 potationibus,
728 2310 897 2389 saturitate,
919 2303 1052 2392 gaudio!
1289 2338 1321 2386 ²4

343 2399 404 2461 iam
427 2397 475 2460 vel
496 2397 597 2460 amico
620 2397 758 2479 prodesse
781 2418 904 2478 possum
927 2396 975 2459 vel
998 2396 1162 2458 inimicum
1185 2395 1319 2478 perdere.

272 2535 280 2551 .
342 2485 430 2568 Euge
454 2483 585 2547 basilice.
632 2505 735 2568 regem
759 2484 843 2545 hunc
866 2505 928 2547 esse
951 2483 1096 2565 oportuit.

269 2623 277 2638 .
342 2571 435 2636 Proin
457 2593 566 2635 omnes
588 2571 764 2634 admonitos
786 2569 866 2651 volo,
888 2587 923 2632 vt
944 2570 1119 2650 abscedant,

343 2658 510 2738 discedant,
534 2659 689 2737 recedant,
713 2658 886 2720 concedant
908 2657 946 2720 de
968 2659 1026 2720 via.

344 2746 429 2809 Nam
452 2768 539 2809 meus
560 2760 605 2808 est
628 2767 749 2828 pugnus
771 2745 890 2830 sagitta,
1289 2775 1321 2828 ²9

343 2847 535 2896 tormentum
558 2832 690 2913 cubitus,
713 2847 806 2914 caput
827 2833 914 2913 aries,
937 2854 989 2914 pes
1010 2853 1108 2915 equus
1131 2831 1310 2895 indomitus.

272 2968 281 2984 .
342 2917 453 2984 Gestio
476 2920 560 2983 hunc
582 2941 700 3002 equum
722 2921 845 3002 agitare.

342 3007 431 3071 Itane
453 3006 587 3069 ferocem
610 3006 760 3068 hordeum
784 3004 936 3068 reddidit?
969 3004 1051 3069 holla
1073 3028 1100 3070 c.

345 3095 429 3157 Hem
451 3092 549 3176 quid?
579 3107 655 3156 tune
677 3115 752 3174 eras,
776 3092 960 3156 Leonarde?

344 3180 466 3266 ignosce
489 3181 625 3261 obsecro,
647 3201 764 3263 equum
787 3194 818 3242 te
840 3201 903 3243 esse
925 3179 1050 3242 credidi.

267 3318 275 3334 .
341 3269 426 3330 Hem
448 3267 647 3349 parasitorum
672 3267 775 3347 decus,
798 3282 874 3329 tune
896 3267 947 3331 hic
969 3265 1057 3329 eras?
1287 3292 1318 3344 35

342 3355 394 3419 sed
416 3355 485 3437 quis
507 3354 577 3416 inde
600 3353 777 3438 egreditur?
810 3355 932 3440 ignosce
955 3355 1091 3434 obsecro,

342 3442 463 3506 asinum
486 3456 517 3504 te
539 3462 602 3504 esse
624 3440 747 3504 credidi.

272 3578 280 3595 .
340 3529 388 3593 At
410 3527 462 3610 pol
484 3549 541 3612 ego
563 3544 595 3590 te
617 3527 709 3590 hodie
730 3528 754 3590 si
778 3549 898 3609 cepero,
