3059 4275
183 570 267 634 Aer.
285 588 316 657 3,
332 570 381 636 Sc
396 570 447 655 4⁵]
562 559 912 639 HYMENAEUS
1240 587 1289 670 35

184 842 292 907 Panto.

184 1104 253 1168 Fre.

183 1189 267 1254 Ante.

183 1277 292 1341 Panto.

183 1450 249 1515 Leo.

184 1538 254 1603 Got.

183 1625 250 1691 Leo.

182 1711 252 1775 Fre.

182 1799 249 1864 Leo.

182 2410 291 2474 Panto.

314 755 440 840 vultque
462 756 538 819 adeo
560 756 584 819 si
607 770 707 838 potest
728 757 786 820 hac
809 771 901 820 nocte
923 758 1086 841 quiescere.

314 843 401 907 Bene
423 857 478 923 est,
502 844 663 925 Amerina,
686 865 759 906 eum
782 843 915 906 dormire
938 844 1066 927 gaude0,
1276 874 1290 925 5

316 951 388 1017 ergo
410 930 447 993 ad
470 951 543 993 eum
566 951 631 993 cras
653 952 745 993 mane
768 931 869 995 redeo.

316 1018 439 1080 interim
461 1031 497 1079 tu
519 1017 599 1079 hanc
621 1039 732 1100 aquam
753 1040 880 1099 asserva,
902 1040 964 1100 qua
986 1033 1055 1081 turn
1077 1041 1153 1102 opus
1175 1020 1243 1086 erit.

317 1102 387 1187 Ego
409 1119 440 1166 te
462 1105 556 1186 probe
578 1104 679 1185 audio,
704 1126 743 1166 ne
766 1104 804 1166 ad
827 1126 877 1167 me
901 1127 965 1168 cras
989 1105 1100 1169 redeas.

315 1188 456 1254 Obsecro
478 1191 551 1275 quid
575 1206 677 1254 noster
699 1192 750 1254 hic
773 1193 836 1275 agit
859 1191 1062 1255 Fredericusl

321 1277 367 1341 Vt
389 1277 502 1361 fungus
523 1277 627 1340 madet
651 1279 733 1360 vino,
756 1278 963 1361 turpissimam
986 1279 1054 1342 vide
1077 1278 1223 1362 belluam,
1248 1279 1291 1346 ἰο

315 1380 347 1429 et
368 1387 439 1448 quae
456 1364 557 1428 vidisti
573 1385 642 1428 mea
664 1386 754 1428 causa
776 1381 898 1429 narrato
919 1365 1025 1448 Juliae.

317 1450 427 1533 Visne,
449 1452 533 1533 here,
555 1474 660 1515 eamus
682 1453 755 1515 hinc
778 1452 931 1515 domum?

318 1538 351 1604 O
375 1537 566 1621 pulchellum
588 1561 729 1621 puerum,
752 1540 814 1602 iam
838 1540 938 1603 infans
960 1539 1003 1602 ire
1024 1540 1147 1622 occipit.

320 1624 401 1700 Quis
422 1642 454 1689 te
476 1625 593 1688 iamdiu
615 1627 750 1706 morbus,
775 1628 857 1707 here,
881 1626 1004 1689 tenuit?

319 1714 587 1801 Κακοστομαχος
608 1735 689 1794 sum,
712 1729 782 1776 tum
804 1714 922 1800 vertigo
943 1729 1037 1796 caput
1059 1729 1156 1778 tenet.
1261 1742 1290 1793 15

318 1798 388 1863 Imo
409 1816 440 1863 te
462 1800 555 1863 credo
576 1800 702 1863 morbus
724 1799 886 1864 comitialis
906 1801 1065 1883 corripuit,

315 1887 428 1970 quibus
448 1909 553 1969 capras
575 1888 683 1951 dicunt
706 1887 877 1971 plerunque
899 1888 1057 1969 obnoxias,

318 1974 360 2037 ita
381 1990 506 2057 repente
529 1973 620 2057 paulo
641 1974 801 2038 concidisti
825 1976 916 2057 prius.

317 2060 375 2124 Sed
397 2083 455 2147 ego
477 2060 532 2123 tibi
556 2061 732 2125 medicabor
753 2062 880 2144 optime.

317 2151 361 2212 ito
383 2150 456 2213 hinc
479 2163 562 2213 recta
582 2150 722 2231 domurn,
744 2150 869 2233 quiesce
891 2151 1058 2231 moderate,
1259 2180 1291 2216 ιο

318 2251 424 2299 caveto
446 2258 464 2298 a
485 2235 567 2300 salsis
589 2238 664 2300 cibis
685 2253 717 2300 et
740 2259 758 2299 a
779 2252 855 2319 potu
877 2237 985 2318 nimio,

316 2322 506 2386 convalesces
528 2323 600 2387 cito.
646 2325 810 2406 probatum
833 2339 888 2387 est.
934 2324 1009 2407 quid
1031 2324 1095 2388 ais?

316 2408 404 2484 Quid
427 2432 484 2496 ego
506 2410 562 2473 tibi
585 2410 684 2474 multa
706 2411 829 2474 dicam?
867 2411 969 2475 asinus
991 2412 1141 2475 auriculas
1163 2427 1278 2477 movet.

183 2496 252 2563 Got.
313 2496 459 2581 Tetigisti
482 2497 653 2561 hominem.
699 2496 840 2581 iugulasti
863 2520 966 2580 prope.
1259 2530 1287 2578 ²4

183 2583 294 2649 Panto.
311 2584 407 2647 Nune
422 2599 544 2666 tempus
558 2600 604 2647 est
619 2607 674 2648 nos
690 2586 764 2648 hinc
779 2586 871 2648 abire.
907 2583 1053 2666 Gothrio,
1064 2607 1127 2669 quo
1142 2608 1228 2650 nunc
1244 2586 1291 2651 is?

185 2671 254 2735 Got.

316 2670 430 2734 taedam
454 2672 527 2734 hinc
549 2669 643 2734 affero
665 2687 696 2736 et
718 2671 914 2735 chlamidem.

183 2757 292 2823 Panto.
309 2757 400 2821 Tum
422 2773 458 2820 tu
481 2757 578 2821 telum
601 2759 724 2842 aliquod
748 2781 821 2846 roga
843 2775 965 2841 mutuo,

185 3105 253 3171 Got.

183 3193 291 3257 Panto.

184 3455 267 3519 Ante.

315 2867 379 2928 quo
401 2867 457 2907 nos
479 2846 503 2908 si
527 2868 602 2927 opus
623 2846 672 2928 sit,
694 2846 896 2910 defendamus
918 2847 950 2909 in
972 2848 1031 2929 via,

317 2954 389 2994 narn
412 2948 476 2995 tam
499 2955 566 2995 sero
588 2933 745 2997 ambulare
768 2933 939 3016 periculum
961 2949 1018 3014 est,

316 3019 343 3081 ei
367 3020 538 3101 praesertim
560 3021 614 3104 qui
636 3022 783 3105 aufugere
806 3044 869 3084 non
892 3020 1008 3085 didicit.
1260 3051 1292 3101 30

315 3107 361 3169 At
382 3128 476 3189 prope
498 3122 570 3170 sunt
594 3107 684 3172 aedes.

705 3196 781 3278 quid
803 3194 895 3258 tum?
923 3195 977 3279 qui
1000 3195 1090 3259 timet
1112 3196 1199 3278 sapit,

316 3303 416 3344 mores
437 3303 496 3364 ego
518 3281 683 3344 hominum
706 3298 849 3365 expertus
870 3305 939 3346 sum
961 3283 1043 3361 satis,

316 3367 389 3431 nolo
412 3391 463 3431 me
484 3369 630 3451 cuiquam
654 3370 806 3433 inermem
829 3371 972 3455 obijcere.

317 3454 456 3535 Ecastor,
480 3453 682 3539 Pantomage,
706 3456 872 3538 prudenter
895 3456 978 3537 facis,

315 3564 382 3606 sero
404 3542 492 3624 sapit,
514 3543 568 3625 qui
592 3560 661 3624 post
683 3542 796 3606 vulnus
816 3544 912 3606 sumit
934 3542 1091 3627 clypeum,
