3059 4275
206 548 290 614 Aer.
306 570 337 633 4,
353 550 401 617 Sc.
419 553 467 638 5⁸]
583 543 934 623 HYMENAEUS

207 821 314 887 Panto.

209 908 277 971 Got.

207 1082 316 1147 Panto.

210 1256 278 1322 Got.

209 1516 315 1583 Panto.

208 1605 276 1670 Gor.

208 1867 316 1932 Panto.

211 1954 278 2019 Got.

208 2042 316 2106 Panto.

211 2128 278 2194 Got.

210 2215 316 2281 Panto.

211 2303 278 2369 Gor.

210 2389 317 2455 Panto.

211 2477 279 2542 Got.

209 3433 319 3498 Panto.

338 759 376 800 ex
399 738 496 801 nimia
510 736 587 801 solis
609 736 770 803 Cancrum
792 761 895 803 versus
916 739 1065 804 absentia.

337 822 420 887 Illud
441 824 492 908 pol
514 847 632 889 verum.

670 928 738 976 tum
760 929 867 976 autern
889 914 1048 977 videbatur
1281 926 1315 979 60

338 999 376 1061 ad
399 998 624 1082 Capricornum
646 999 749 1063 denuo
772 999 888 1063 directo
910 1022 1002 1064 cursu
1025 999 1161 1064 tendere.

340 1083 399 1148 Per
420 1086 492 1149 deos
514 1108 585 1148 vera
608 1087 682 1149 mihi
707 1108 869 1168 memoras,
893 1085 1040 1168 Gothrio,

341 1173 402 1235 iam
424 1195 482 1259 ego
505 1174 609 1236 videor
631 1174 707 1236 mihi
730 1172 895 1238 confidere.

338 1258 396 1323 Sed
417 1282 481 1343 quo
504 1282 550 1324 res
572 1262 627 1323 ista
648 1259 702 1323 fiat
724 1261 846 1341 certior,

340 1347 395 1427 vis,
418 1337 502 1427 here,
525 1348 727 1431 pharmacum
749 1371 768 1411 a
790 1370 841 1411 me
862 1346 977 1411 discere
1283 1360 1315 1427 ⁶⁵

339 1433 432 1583 vulpo
453 1456 518 1497 non
542 1450 664 1517 notum,
686 1434 770 1518 quod
791 1457 930 1498 amorem
952 1433 1090 1498 excitet?

339 1519 392 1584 Vo
403 1544 432 1584 0.

452 1608 546 1673 Sume
567 1608 694 1672 oculum
717 1609 851 1671 hominis
871 1609 1013 1673 habentis
1030 1608 1157 1672 vnicum
1175 1607 1313 1690 oculum,

338 1709 370 1757 et
391 1694 571 1758 testiculum
593 1696 729 1759 hominis
750 1697 878 1760 vnicum
901 1696 1041 1760 habentis
1064 1695 1254 1776 testiculum,

341 1796 372 1844 et
394 1782 530 1845 facies-

513 1868 600 1942 Quid
623 1871 749 1934 tandem
773 1869 907 1933 faciam?

339 1952 435 2018 Illum
457 1977 591 2038 caecum,
614 1958 698 2020 hunc
721 1956 924 2021 Eunuchum.
1283 1982 1315 2035 70

341 2042 428 2116 Quid
450 2064 553 2107 caecus
574 2059 605 2106 et
628 2044 802 2108 Eunuchus
823 2044 860 2107 ad
883 2066 1021 2107 amorem
1045 2042 1176 2107 meum?

339 2129 485 2194 Tantum
501 2147 653 2214 quantum
672 2154 759 2196 amor
777 2148 849 2196 tuus
865 2133 903 2196 ad
921 2155 1043 2195 caecum
1061 2146 1093 2197 et
1112 2129 1314 2197 Eunuchum.

341 2218 425 2291 Quae
450 2219 519 2280 haec
542 2218 659 2281 malurn
681 2220 845 2281 verborum
868 2219 1071 2302 perplexitas?

340 2302 399 2367 Sed
412 2306 458 2367 vis
473 2305 685 2387 pharmacum,
701 2308 785 2387 here,
801 2306 916 2370 discere
931 2307 1196 2389 compendiarium
1212 2305 1314 2390 exigui

342 2389 442 2455 Modo
463 2414 504 2455 ne
526 2390 620 2456 ludas.
1138 2391 1317 2479 [sumptusi

628 2478 713 2564 Ergo
735 2481 805 2544 audi
828 2482 964 2544 obsecro.
1284 2506 1315 2559 75

340 2564 436 2628 solam
458 2588 546 2628 sume
568 2567 688 2630 vrinam
711 2570 898 2632 matutinam
919 2566 1025 2652 Juliae,

341 2651 503 2716 distilletur
526 2669 556 2716 et
578 2656 756 2717 extrahatur
777 2657 886 2739 quinta
908 2655 1046 2735 essentia,

341 2761 409 2801 eam
432 2741 455 2803 si
479 2756 513 2804 tu
536 2742 699 2824 quinquies
722 2764 813 2805 mane
836 2743 956 2805 ieiunus
978 2741 1098 2823 biberis,

340 2826 503 2908 probatum
525 2843 581 2908 est,
602 2829 714 2891 amoris
737 2851 864 2912 compos
886 2830 952 2893 eris.

342 2912 415 2996 Abi,
437 2915 575 2997 pessime.
620 2916 735 2978 siccine
757 2939 883 2979 mecum
904 2913 993 2999 agis?
1283 2929 1316 2980 8ο

339 2999 428 3073 Quin
451 3002 532 3082 audi,
556 3005 637 3064 here.
684 3025 758 3066 nam
781 3019 848 3085 post
871 3003 894 3066 si
917 3002 1047 3066 adeam
1068 3002 1198 3083 veneris,

340 3088 364 3150 si
386 3087 435 3150 vel
458 3110 555 3151 vnum
578 3090 690 3171 poteris
713 3112 844 3174 pangere
865 3091 1016 3172 suavium,

341 3195 415 3237 cum
438 3174 489 3237 illa
511 3191 602 3238 tuum
623 3178 749 3240 senserit
772 3178 924 3260 spiritum,

341 3262 406 3324 eius
427 3263 548 3343 spiritus
573 3263 704 3326 similem
726 3279 871 3350 agnoscet
893 3265 1046 3346 spiritum,

341 3363 372 3410 et
393 3350 483 3412 vestri
506 3351 549 3413 sic
572 3365 683 3412 mutuo
705 3367 893 3414 concurrent
914 3353 1045 3434 spiritus.
1284 3364 1315 3426 85

343 3434 399 3499 Est
421 3437 566 3519 equidem
588 3436 713 3520 aliquid,
736 3439 821 3521 quod
844 3438 895 3501 hic
918 3439 991 3502 dicit
1014 3436 1140 3519 nebulo,

339 3522 391 3585 sed
412 3545 473 3587 vna
496 3524 527 3585 in
551 3546 583 3586 re
605 3539 685 3588 errat
707 3524 945 3608 aliquantulum.

1175 3658 1246 3713 4-2
