3059 4275
162 536 423 624 masse]
540 528 891 608 HYMENAEus
1093 535 1097 544 ·
1221 555 1269 635 33

292 747 367 788 ecce
380 739 414 787 vt
429 724 518 789 Mars
532 725 675 808 praebibit
689 725 817 807 Veneri,
833 726 863 790 id
879 724 1024 790 Vulcano
1039 746 1102 788 non
1118 723 1229 807 placet,

293 812 363 875 vide
384 827 417 875 vt
439 813 575 875 frontem
598 813 763 877 contrahit.

162 897 230 963 Got.
292 896 465 963 Daemones
487 902 582 981 hunc,
605 921 670 962 non
694 901 776 980 deos,
798 900 906 963 vidisse
927 914 1067 963 autumo.

292 985 345 1049 sed
367 986 507 1069 nunquid
530 986 581 1049 hic
603 987 737 1067 cubabis,
761 985 945 1050 Frederice?

158 1071 230 1136 Fre.
291 1071 379 1147 Quid
400 1073 438 1136 ad
461 1072 516 1138 te?
544 1074 568 1137 si
591 1073 715 1137 libitum
737 1089 783 1136 est
804 1073 884 1137 volo.
1239 1101 1271 1137 so

162 1157 231 1223 Got.
292 1158 375 1224 Vide
396 1174 430 1222 vt
452 1161 627 1243 procumbit
650 1161 737 1223 humi
761 1161 825 1240 bos,
846 1182 937 1245 surge
959 1158 1070 1224 bellua.

159 1244 229 1310 Fre.
290 1244 345 1311 Da
366 1246 442 1309 mihi
465 1246 616 1329 paulisper
637 1248 772 1329 veniam,
795 1248 889 1310 etiam
911 1248 963 1311 hic
985 1245 1056 1310 volo
1077 1246 1242 1328 quiescere.

159 1331 227 1397 Leo.
290 1332 363 1398 Sine
384 1334 521 1417 quiescat
542 1356 637 1417 vsque
659 1335 691 1396 in
715 1335 895 1398 crastinum.
971 1332 1103 1416 [Extant
1112 1332 1269 1414 personati.

293 1420 351 1485 Sed
373 1422 441 1504 quis
463 1422 514 1483 hic
536 1419 675 1484 sonitus?
707 1422 860 1505 personati
883 1434 1009 1485 exeunt.

293 1528 352 1591 ego
374 1529 425 1571 me
447 1508 521 1572 binc
543 1507 711 1571 subducam
735 1507 852 1571 callide.
1237 1534 1269 1585 25

220 1640 229 1657 .
291 1593 403 1667 Quid?
432 1592 614 1659 Leonardus
635 1616 774 1678 quonam
796 1594 917 1679 aufugit
931 1593 1090 1659 obsecro?

293 1681 358 1745 heri
380 1682 466 1745 bunc
488 1682 579 1745 credo
601 1683 735 1765 pudebat
756 1683 813 1746 sui.

452 1842 621 1916 ACTUS
649 1866 683 1937 3.
738 1843 904 1963 SCENA
931 1856 979 1937 3².

409 1982 613 2065 Pantomagus.
659 1984 791 2049 Gothrio.
837 1984 1015 2049 Fredericus.

625 2070 801 2135 Leonardus.

293 2191 391 2254 Nunc
412 2206 468 2272 est,
491 2193 541 2254 vbi
564 2207 595 2255 et
617 2192 690 2276 quid
714 2194 826 2276 possim
848 2192 1019 2274 ostendam,
1043 2189 1189 2276 Gothrio,

292 2279 422 2341 etmihi
445 2282 629 2362 sempiterne
653 2279 851 2362 Alphonsum
874 2280 1057 2344 devinciam.

291 2365 375 2448 quod
397 2367 420 2429 si
444 2366 533 2447 facio,
556 2381 590 2429 vt
611 2388 662 2429 me
685 2367 840 2430 facturum
861 2368 934 2447 scio,

292 2452 392 2515 aditus
413 2454 489 2515 mihi
513 2453 609 2516 facilis
631 2455 746 2536 patebit
768 2454 806 2516 ad
827 2453 955 2537 Juliam.

221 2584 230 2603 .
294 2537 391 2619 Quae,
413 2540 496 2621 here,
519 2557 585 2602 orta
607 2555 672 2603 tam
694 2542 794 2604 subita
816 2542 945 2622 occasio,

292 2640 326 2688 vt
348 2641 383 2689 tu
405 2626 456 2689 hic
477 2642 576 2689 artem
598 2627 738 2691 ostendas
760 2627 871 2692 tuam?

293 2711 490 2796 Alphonsum
512 2736 611 2796 nuper
632 2730 720 2778 vetus
742 2714 868 2778 morbus
890 2714 1047 2796 corripuit,

292 2800 353 2862 iam
375 2815 408 2863 vt
429 2799 516 2882 solet,
539 2802 670 2885 graviter
693 2800 809 2865 laborat
832 2801 961 2884 calcu10,

292 2901 324 2949 et
345 2889 609 2970 compendiarium
630 2911 694 2972 quo
716 2889 846 2971 reperiat
868 2888 1051 2971 remedium,

293 2995 343 3036 me
365 2974 564 3057 persuadente
586 2997 649 3039 sese
670 2977 764 3039 secari
788 2977 882 3058 cupit.
1236 3007 1267 3044 ιο

293 3059 416 3125 Secari?
445 3076 477 3125 at
500 3061 638 3125 dolorem
660 3064 712 3146 qui
736 3063 814 3126 ferre
836 3061 972 3145 poterit?

291 3145 359 3234 Ego
383 3148 471 3211 illum
494 3150 527 3211 in
549 3148 648 3212 altum
669 3171 816 3214 somnum
838 3150 1013 3236 conijciam.

290 3236 379 3317 proin
402 3251 437 3299 tu
458 3257 569 3319 aquam
592 3238 668 3299 mihi
690 3235 766 3300 affer
788 3238 997 3319 soporiferam,

290 3321 374 3385 illam
397 3323 524 3406 inquam
546 3324 721 3386 confectam
743 3346 782 3386 ex
805 3325 886 3406 opio,

289 3410 321 3471 in
344 3409 587 3493 pharmacoterio
609 3412 772 3493 repositam
796 3411 933 3474 invenies
1234 3441 1263 3489 15

290 3496 322 3558 in
345 3496 477 3560 fenestra
499 3519 517 3559 a
538 3497 661 3561 dextris.
706 3512 799 3581 atque
822 3495 939 3561 audinl
968 3517 1105 3579 propera.

230 3626 264 3670 M.
278 3627 301 3672 S.
1178 3630 1195 3684 3
