3059 4275
606 539 918 620 PROLOGUS

294 750 325 798 et
347 735 420 797 vitae
445 750 477 798 et
498 734 592 818 Juliae
616 736 767 799 adamatae
793 736 971 799 restituitur.

295 820 380 905 Ergo
403 821 581 907 Hymenaeo
603 824 656 906 qui
680 824 787 885 favetis
808 823 896 901 mihi,

296 910 376 972 hanc
398 906 534 971 fabulam
557 909 659 972 faciles
682 931 751 972 meo
775 910 902 971 nomine
924 909 1064 991 accipite.

295 996 391 1076 Nam,
413 995 498 1079 quod
519 997 645 1079 quidam
668 997 813 1059 dictitant
837 995 992 1076 malevoli,

295 1082 428 1147 alienam
451 1104 507 1145 nos
529 1082 600 1146 dare
622 1083 707 1147 vobis
728 1083 913 1146 comaediam

295 1170 408 1234 vestitu
430 1191 511 1234 novo
534 1172 730 1233 immutatam
754 1169 924 1253 paululum,

296 1273 350 1321 aut
371 1278 458 1321 suam
481 1258 574 1321 nimis
596 1258 729 1340 produnt
752 1258 915 1339 inscitiam,

295 1359 349 1408 aut
373 1345 409 1428 (si
431 1345 526 1408 videri
549 1345 724 1431 ignorantes
745 1344 869 1429 nolunt)
893 1344 1052 1408 malitiam.

298 1431 386 1495 Nam
409 1433 482 1496 huic
504 1433 665 1495 comaediae
690 1432 774 1495 dedit
797 1430 871 1494 olim
894 1433 1054 1496 materiam

298 1518 365 1602 plus
386 1520 531 1582 trecentis
554 1519 626 1581 hinc
648 1519 738 1581 annis
761 1518 792 1581 in
817 1517 992 1582 Decamero
1016 1519 1170 1601 Bocatius,

298 1628 371 1670 cum
394 1606 574 1691 chirurgum
598 1604 738 1688 Rogerus
760 1606 921 1669 inhoneste
944 1607 1070 1670 falleret.

298 1692 336 1757 In
359 1714 453 1776 quam
476 1693 500 1755 si
524 1691 625 1773 plures
648 1691 812 1754 inciderint
835 1694 932 1775 inscii,

298 1780 382 1864 quod
404 1800 461 1841 nos
482 1780 637 1842 nescimus
657 1779 723 1861 (sed
747 1795 779 1842 vt
803 1779 911 1844 videtis
934 1796 1034 1863 potest
1057 1780 1138 1865 fieri)

298 1882 434 1930 vestrum
458 1866 608 1928 iudicium
630 1866 668 1928 sit
691 1881 794 1929 vtrum
818 1868 952 1950 probetis
974 1870 1083 1955 magis.

299 1952 454 2035 Personas,
476 1968 633 2031 ornatum,
656 1954 801 2037 exiguam
823 1954 1054 2037 supellectilem,

298 2040 457 2124 finemque
478 2040 554 2103 adeo
576 2056 679 2104 nostra
701 2062 764 2103 esse
787 2042 934 2124 spondeo,

298 2151 356 2193 nec
378 2152 397 2193 a
417 2128 563 2212 quopiam
586 2144 728 2193 mutuata
751 2146 872 2212 propter
895 2130 1040 2214 inopiam.

299 2217 352 2298 Et,
375 2217 398 2279 si
421 2215 562 2298 exempla
584 2217 724 2280 conferre
746 2216 848 2297 liceat,

300 2306 369 2367 haec
391 2325 409 2366 a
432 2302 550 2390 Bocatij
575 2303 678 2368 fabula
699 2304 792 2389 longe
816 2305 911 2388 magis
934 2320 979 2368 est
1001 2305 1069 2385 alia,

298 2413 393 2475 quam
415 2414 434 2455 a
455 2388 570 2455 Colace
593 2390 760 2455 Menandri
784 2391 956 2456 Eunuchus
977 2388 1133 2474 Terentij.

299 2477 365 2542 Vos
386 2499 458 2562 ergo
479 2479 599 2542 animos
622 2501 672 2541 me
694 2492 822 2562 rogante
842 2478 1001 2558 advortite,

299 2566 410 2649 quibus
431 2587 490 2648 ego
512 2565 591 2628 hanc
614 2565 705 2647 cupio
727 2564 845 2647 placere
868 2563 1013 2626 fabulam.

298 2653 382 2736 quod
404 2652 427 2715 si
451 2651 583 2735 benigne
604 2652 767 2734 quisquam
789 2649 960 2714 auscultare
982 2649 1124 2731 noluerit,

299 2755 427 2822 exurgat
450 2739 537 2818 foras,
560 2753 591 2800 et
614 2738 693 2800 bona
716 2759 788 2799 cum
811 2737 901 2800 venia
922 2736 1068 2819 ambulet,

299 2840 333 2889 vt
354 2826 393 2888 sit
414 2824 465 2887 vbi
487 2823 622 2904 sedeant,
645 2824 698 2906 qui
720 2823 891 2887 auscultare
912 2823 1018 2888 velint.
